% Encoding: UTF-8
@ARTICLE{Richard-2023-TPMS,
  author={Escande, P. and Richard, F.},
  journal={{J}ournal of {P}robability {T}heory and {M}athematical {S}tatistics}, 
  title={Full inference for the anisotropic fractional {B}rownian field}, 
  year={2024},
  volume={110},
  pages={13-29},
  doi={10.1090/tpms/1204} }
 
 @ARTICLE{Marmin-2025-InvProb,
  author={Marmin, A. and Richard, F.},
  journal={{I}nverse {P}roblems}, 
  title={VARPROX: a primal-dual variable projection method for the minimization of penalized separable non-linear least squares.}, 
  year={2025},
  doi={10.1088/1361-6420/ae0e48} }

@Article{Golub_1973,
  author    = {Golub, H.G. and Pereyra, V.},
  journal   = {{SIAM}  {J}ournal on {N}umerical {A}nalysis},
  title     = {The differentiation of pseudo-inverses and nonlinear least squares problems whose variables separate},
  year      = {1973},
  issn      = {1095-7170},
  month     = apr,
  number    = {2},
  pages     = {413--432},
  volume    = {10},
  doi       = {10.1137/0710036},
  publisher = {Society for Industrial & Applied Mathematics (SIAM)},
}


