@String{abs = "Abstracts"}                                                       % Abstracts
@String{exp-abs = "Exp. abs."}                                                   % Expanded abstracts
@String{j-acc-chem-res = "Acc. Chem. Res."}                                      % Accounts of Chemical Research
@String{j-acha = "Appl. Comput. Harmon. Analysis"}                               % Applied and Computational Harmonic Analysis
@String{j-acm = "J. ACM"}                                                        % Journal of the ACM
@String{j-acm-commun = "Commun. ACM"}                                            % Communications of the ACM
@String{j-acm-comput-surv = "ACM Comput. Surv."}                                 % ACM Computing Surveys
@String{j-acm-csc = "J. ACM Comput. Sci. Conf."}                                 % ACM Annual Computer Science Conference (CSC)
@String{j-acm-trans-appl-percept = "ACM Trans. Appl. Percept."}                  % ACM Transactions on Applied Perception
@String{j-acm-trans-cyber-phys-sys = "ACM Trans. Cyber-Phys. Syst."}             % ACM Transactions on Cyber-Physical System
@String{j-acm-trans-database-sys = "ACM Trans. Database Syst."}                  % ACM Transactions on Database Systems (TODS)
@String{j-acm-trans-graph = "ACM Trans. Graph."}                                 % ACM Transactions on Graphics
@String{j-acm-trans-knowl-discov-data = "ACM Trans. Knowl. Discov. Data"}        % ACM Transactions on Knowledge Discovery from Data
@String{j-acm-trans-math-softw = "ACM Trans. Math. Software"}                    % ACM Transactions on Mathematical Software
@String{j-acm-trans-prog-lang-sys = "ACM Trans. Program. Lang. Syst."}           % ACM Transactions on Programming Languages and Systems
@String{j-acoust-soc-am = "J. Acoust. Soc. Am."}                                 % Journal of the Acoustical Society of America
@String{j-acs-cent-sci = "ACS Cent. Sci."}                                       % ACS Central Science
@String{j-acs-synth-biol = "ACS Synth. Biol."}                                   % ACS Synthetic Biology
@String{j-acta-acust = "Acta Acust."}                                            % Acta Acustica
@String{j-acta-acust-united-ac = "Acta Acust. united Ac."}                       % Acta Acustica united with Acustica
@String{j-acta-astronautica = "Acta Astronautica"}                               % Acta Astronautica
@String{j-acta-automat-sin = "Acta Automat. Sinica"}                             % Acta Automatica Sinica
@String{j-acta-geo-sin = "Chinese J. Geophys. (Acta Geophysica Sinica)"}         % Acta Geophysica Sinica (Chinese Journal of Geophysics / 地球物理学报)
@String{j-acta-geophys = "Acta Geophys."}                                        % Acta Geophysica
@String{j-acta-inform = "Acta Inform."}                                          % Acta Informatica
@String{j-acta-mater = "Acta Mater."}                                            % Acta Materialia
@String{j-acta-montan-slovaca = "Acta Montan. Slovaca"}                          % Acta Montanistica Slovaca
@String{j-acta-numerica = "Acta Numerica"}                                       % Acta Numerica
@String{j-acta-seismologica-sin = "Acta Seismologica Sinica"}                    % Acta Seismologica Sinica
@String{j-actu-chim = "Actu. Chim."}                                             % L'actualité chimique
@String{j-adv-acomput = "Adv. Comput."}                                          % Advances in Computers
@String{j-adv-appl-math = "Adv. Appl. Math."}                                    % Advances in Applied Mathematics
@String{j-adv-comput-math = "Adv. Comput. Math."}                                % Advances in Computational Mathematics
@String{j-adv-data-anal = "Adv. Adapt. Data Anal."}                              % Advances in Adaptive Data Analysis (AADA)
@String{j-adv-data-anal-classif = "Adv. Data Anal. Classif."}                    % Advances in Data Analysis and Classification
@String{j-adv-eng-softw = "Adv. Eng. Software"}                                  % Advances in Engineering Software
@String{j-adv-img-electron-phys = "Adv. Imag. Electron Phys."}                   % Advances in Imaging and Electron Physics
@String{j-adv-mater-res = "Adv. Mater. Res."}                                    % Advanced Materials Research
@String{j-adv-math = "Adv. Math."}                                               % Advances in Mathematics
@String{j-adv-petrol-explor-dev = "Adv. Petrol. Explor. Dev."}                   % Advances in Petroleum Exploration and Development
@String{j-aiche-j = "AIChE J."}                                                  % AIChE Journal
@String{j-al-mukhatabat = "Al-Mukh{\^a}tab{\^a}t"}                               % Al-Mukhatabat
@String{j-algorithm = "J. Algorithm."}                                           % Journal of Algorithms
@String{j-algorithms = "Algorithms"}                                             % Algorithms
@String{j-amer-chem-soc = "J. Am. Chem. Soc."}                                   % Journal of the American Chemical Society
@String{j-amer-j-archaeol = "Am. J. Archaeol."}                                  % American Journal of Archaeology
@String{j-amer-j-bot = "Am. J. Bot."}                                            % American Journal of Botany
@String{j-amer-j-math = "Am. J. Math."}                                          % American Journal of Mathematics
@String{j-amer-j-phys = "Am. J. Phys."}                                          % American Journal of Physics
@String{j-amer-math-mon = "Amer. Math. Monthly"}                                 % American Mathematical Monthly
@String{j-amer-sci = "J. Am. Sci."}                                              % American Scientist
@String{j-amer-soc-mass-spectrom = "J. Am. Soc. Mass Spectrom."}                 % Journal of the American Society for Mass Spectrometry
@String{j-amer-statistician = "Am. Stat."}                                       % American Statistician
@String{j-anal-appl = "Anal. Appl."}                                             % Analysis and Applications
@String{j-anal-bioanal-chem = "Anal. Bioanal. Chem."}                            % Analytical and Bioanalytical Chemistry
@String{j-anal-biochem = "Anal. Biochem."}                                       % Analytical Biochemistry
@String{j-anal-chem = "Anal. Chem."}                                             % Analytical Chemistry
@String{j-anal-chim-acta = "Anal. Chim. Acta"}                                   % Analytica Chimica Acta
@String{j-anal-methods = "Anal. Methods"}                                        % Analytical Methods
@String{j-anal-meth-chem = "J. Anal. Methods Chem."}                             % Journal of Analytical Methods in Chemistry (Hindawi)
@String{j-anal-sci = "J. Anal. Sci."}                                            % Analytical Sciences
@String{j-anal-sci-meth-instrum = "J. Anal. Sci. Meth. Instrum."}                % Journal of Analytical Sciences, Methods and Instrumentation
@String{j-analyst = "Analyst"}                                                   % The Analyst
@String{j-angew-chem-int-ed = "Angew. Chem. Int. Ed."}                           % Angewandte Chemie International Edition
@String{j-ann-appl-stat = "Ann. Appl. Stat."}                                    % Annals of Applied Statistics
@String{j-ann-biomed-eng = "Ann. Biomed. Eng."}                                  % Annals of Biomedical Engineering
@String{j-ann-disc-math = "Ann. Disc. Math."}                                    % Annals of Discrete Mathematics
@String{j-ann-econ-stat = "Annales d'{\'E}conomie et de Statistique"}            % Annales d'Economie et de Statistique
@String{j-ann-inst-h-poincare-proba-stat =
  "Ann. Inst. H. Poincar{\'e} Probab. Statist."}                                 % Annales Institut Henri Poincaré Probab. Statist.
@String{j-ann-inst-four = "Ann. de l'Institut Fourier"}                          % Annales de l'Institut Fourier
@String{j-ann-inst-stat-math = "Ann. Inst. Stat. Math."}                         % Annals of the Institute of Statistical Mathematics
@String{j-ann-math-stat = "Ann. Math. Statist."}                                 % Annals of Mathematical Statistics
@String{j-ann-of-math = "Ann. of Math"}                                          % Annals of Mathematics
@String{j-ann-oper-res = "Ann. Oper. Res."}                                      % Annals of Operations Research
@String{j-ann-phys = "Ann. Phys."}                                               % Annalen der Physik
@String{j-ann-physics = "Ann. Physics"}                                          % Annals of Physics
@String{j-ann-sci = "Ann. Sci."}                                                 % Annals of Science
@String{j-ann-stat = "Ann. Statist."}                                            % Annals of Statistics
@String{j-ann-telecom = "Ann. T{\'e}l{\'}ecommun."}                              % Annales des Télécommunications
@String{j-annu-ref-genomics-hum-genet = "Annu. Rev. Genomics Hum. Genet."}       % Annual Review of Genomics and Human Genetics
@String{j-annu-rev-fluid-mech = "Annu. Rev. Fluid Mech."}                        % Annual Review of Fluid Mechanics
@String{j-annu-rev-stat-appl = "Annu. Rev. Stat. Appl."}                         % Annual Review of Statistics and Its Application
@String{j-anziam-j = "ANZIAM J."}                                                % The ANZIAM Journal
@String{j-appl-acoust = "Appl. Acoust."}                                         % Applied Acoustics
@String{j-appl-algebra_eng-com-comput = "Appl. Algebra Eng. Comm. Comput."}      % Applicable Algebra in Engineering, Communication and Computing
@String{j-appl-anal = "Appl. Anal."}                                             % Applicable Analysis
@String{j-appl-crystallo = "J. Appl. Crystallogr."}                              % Journal of Applied Crystallography
@String{j-appl-energy = "Appl. Energy"}                                          % Applied Energy
@String{j-appl-environ-microbio = "Appl. Environ. Microbiol."}                   % Applied and Environmental Microbiology
@String{j-appl-geophys-elsevier = "J. Appl. Geophys."}                           % Journal of Applied Geophysics (Elsevier)
@String{j-appl-geophys-springer = "Appl. Geophys."}                              % Applied Geophysics (Springer)
@String{j-appl-math = "Appl. Math."}                                             % Applications of Mathematics
@String{j-appl-math-comput = "Appl. Math. Comput."}                              % Applied Mathematics and Computation
@String{j-appl-math-lett = "Appl. Math. Lett."}                                  % Applied Mathematics Letters
@String{j-appl-math-mech = "Appl. Math. Mech."}                                  % Applied Mathematics and Mechanics
@String{j-appl-math-model = "Appl. Math. Model."}                                % Applied Mathematical Modelling
@String{j-appl-math-sci = "Appl. Math. Sci."}                                    % Applied Mathematical Sciences
@String{j-appl-mech-mater = "Appl. Mech. Mater."}                                % Applied Mechanics and Materials
@String{j-appl-microbiol-biotech = "Appl. Microbiol. Biotechnol."}               % Applied Microbiology and Biotechnology
@String{j-appl-num-math = "Appl. Numer. Math."}                                  % Applied Numerical Mathematics
@String{j-appl-optic = "Appl. Optic."}                                           % Applied Optics
@String{j-appl-phys-lett = "Appl. Phys. Lett."}                                  % Applied Physics Letters
@String{j-appl-rem-sens = "J. Appl. Remote Sens."}                               % Journal of Applied Remote Sensing
@String{j-appl-sci = "Appl. Sci."}                                               % Applied Sciences
@String{j-appl-spectrosc = "Appl. Spectrosc."}                                   % Applied Spectroscopy
@String{j-appl-stat = "J. Appl. Stat."}                                          % Journal of Applied Statistics
@String{j-appl-therm-eng = "Appl. Therm. Eng."}                                  % Applied Thermal Engineering
@String{j-approx-theory = "J. Approx. theory"}                                   % Journal of Approximation Theory
@String{j-apsipa-trans-sig-inform-proc = "{APSIPA} Trans. Signal. Inf. Process."}% APSIPA Transactions on Signal and Information Processing
@String{j-arab-j-chem = "Arab. J. Chem."}                                        % Arabian Journal of Chemistry
@String{j-arab-j-sci-eng = "Arab. J. Sci. Eng."}                                 % Arabian Journal for Science and Engineering
@String{j-arch-math = "Arch. Math."}                                             % Archiv der Mathematik
@String{j-arch-hist-exact-sci = "Arch. Hist. Exact Sci."}                        % Archive for History of Exact Sciences
@String{j-arch-mech-eng = "Arch. Mech. Eng."}                                    % Archive of Mechanical Engineering
@String{j-artif-intel = "Artif. Intell."}                                        % Artificial Intelligence
@String{j-amer-stat-asso = "J. Am. Stat. Assoc."}                                % Journal of the American Statistical Association
@String{j-asso-inform-sci-tech = "J. Assoc. Inf. Sci. Technol."}                 % Journal of the Association for Information Science and Technology
@String{j-asso-res-oto = "J. Assoc. Res. Otolaryngol."}                          % Journal of the Association for Research in Otolaryngology
@String{j-asta-adv-stat-anal = "AStA Adv. Stat. Anal."}                          % AStA Advances in Statistical Analysis
@String{j-astron-astrophys = "Astron. Astrophys."}                               % Astronomy and Astrophysics
@String{j-astron-astrophys-suppl = "Astron. Astrophys. Suppl."}                  % Astronomy & Astrophysics Supplement Series (until 1st January 2001)
@String{j-astrophys-j = "Astrophys J."}                                          % Astrophysical Journal
@String{j-atmos-oceanic-techn = "J. Atmos. Oceanic Technol."}                    % Journal of Atmospheric and Oceanic Technology
@String{j-audio-eng-soc = "J. Audio Eng. Soc."}                                  % Journal of Audio Engineering Society
@String{j-aust-j-psycho = "Aust. J. Psychol."}                                   % Australian Journal of Psychology
@String{j-aust-n-z-j-stat = "Aust. N. Z. J. Stat"}                               % Australian & New Zealand Journal of Statistics
@String{j-automatica = "Automatica J. IFAC"}                                     % Automatica
@String{j-bell-sys-tech-j = "Bell Syst. Tech.  J."}                              % Bell System Technical Journal
@String{j-biochem-biophys-res-commun = "Biochem. Biophys. Res. Commun."}         % Biochemical and Biophysical Research Communications
@String{j-biodata-min = "{B}io{D}ata Min."}                                      % BioData Mining
@String{j-bioinformatics = "Bioinformatics"}                                     % Bioinformaticsy
@String{j-biol-chem = "J. Biol. Chem."}                                          % Journal of Biological Chemistry
@String{j-biol-cybern = "Biol. Cybern."}                                         % Biological Cybernetics
@String{j-biol-direct = "Biol. Direct"}                                          % Biology Direct
@String{j-biom-j = "Biom. J."}                                                   % Biometrical Journal
@String{j-biomark-res = "Biomark. Res."}                                         % Biomarker Research
@String{j-biomed-inform = "J. Biomed. Inform."}                                  % Journal of Biomedical Informatics
@String{j-biomed-opt = "J. Biomed. Opt."}                                        % Journal of Biomedical Optics
@String{j-biomed-res-int = "Biomed Res. Int."}                                   % BioMed Research International
@String{j-biomed-sig-proc-ctrl = "Biomed. Signal Process. Control"}              % Biomedical Signal Processing and Control
@String{j-biometrics = "Biometrics"}                                             % Biometrics
@String{j-biometrika = "Biometrika"}                                             % Biometrika
@String{j-biophys-j = "Biophys. J."}                                             % Biophysical Journal
@String{j-bioproc-biosys-eng = "Bioprocess. Biosyst. Eng."}                      % Bioprocess and Biosystems Engineering
@String{j-bioresourc-technol = "Bioresour. Technol."}                            % Bioresource Technology
@String{j-biostatistics = "Biostatistics"}                                       % Biostatistics
@String{j-biosystems = "BioSystems"}                                             % Biosystems
@String{j-biotechniques = "BioTechniques"}                                       % BioTechniques
@String{j-biotech = "J. Biotechnol."}                                            % Journal of Biotechnology
@String{j-biotech-bioeng = "Biotechnol. Bioeng."}                                % Biotechnology and Bioengineering
@String{j-biotech-biofuels = "Biotechnol. Biofuels"}                             % Biotechnology for Biofuels
@String{j-biotech-lett = "Biotechnol. Lett."}                                    % Biotechnology Letters
@String{j-bit = "BIT"}                                                           % BIT
@String{j-bit-num-math = "BIT Num. Math."}                                       % BIT Numerical Mathematics
@String{j-blatt-dgvfm = "Bl{\"a}tt. DGVFM"}                                      % Blätter der DGVFM
@String{j-bmc-bioinformatics = "BMC Bioinformatics"}                             % BMC Bioinformatics
@String{j-bmc-biol = "BMC Biol."}                                                % BMC Biology
@String{j-bmc-biotech = "BMC Biotechnol."}                                       % BMC Biotechnology
@String{j-bmc-genet = "BMC Genet."}                                              % BMC Genetics
@String{j-bmc-genom = "BMC Genom."}                                              % BMC Genomics
@String{j-bmc-med-inform-decis-mak = "BMC Med. Inform. Decis. Mak."}             % BMC Medical Informatics and Decision Making
@String{j-bmc-sys-biol = "BMC Syst. Biol."}                                      % BMC Systems Biology
@String{j-brief-bioinfo = "Brief. Bioinform."}                                   % Briefings in Bioinformatics
@String{j-brief-funct-genomics = "Brief. Funct. Genomics"}                       % Briefings in Functional Genomics
@String{j-brit-j-phil-sci = "Brit. J. Phil. Sci."}                               % British Journal for the Philosophy of Science
@String{j-brit-j-psycho = "Brit. J. Psychol."}                                   % British Journal of Psychology
@String{j-bul-math-bio = "Bul. Math. Biol."}                                     % Bulletin of Mathematical Biology
@String{j-bull-acad-polon-sci = "Bull. Acad. Polon. Sci."}                       % Bulletin de l'Académie Polonaise des Sciences
@String{j-bull-amer-math-soc = "Bull. Amer. Math. Soc."}                         % Bulletin of the American Mathematical Society
@String{j-bull-calcutta-math-soc = "Bull. Calcutta Math. Soc."}                  % Bulletin of the Calcutta Mathematical Society
@String{j-bull-sci-math-astron = "Bull. Sci. Math. Astron."}                     % Bulletin des Sciences Mathématiques et Astronomiques
@String{j-bull-seismol-soc-amer = "Bull. Seismol. Soc. Amer."}                   % Bulletin of the Seismological Society of America
@String{j-bull-soc-math-fr = "Bull. Soc. Math. France"}                          % Bulletin de la Société Mathematique de France
@String{j-bull-soc-roy-sci-liege = "Bull. Soc. Roy. Sci. Li{\`e}ge"}             % Bulletin de la Société Royale des Sciences de Liège
@String{j-bus-econ-stat = "J. Bus. Econ. Stat."}                                 % Journal of Business & Economic Statistics
@String{j-c-r-acad-sci = "C. R. Acad. Sci."}                                     % Comptes rendus de l"Académie des Sciences
@String{j-c-r-acad-sci-math-ser-a = "C. r. Acad. Sci., Paris, S{\'e}r. A Math."} % Comptes rendus de l'Académie des Sciences Série A
@String{j-canad-acoust = "Can. Acoust."}                                         % Canadian Acoustics
@String{j-canad-j-elect-comput-eng = "Can. J. Elect. Comput. E."}                % Canadian Journal of Electrical and Computer Engineering
@String{j-canad-j-explor-geophys = "Can. J. Explor. Geophys."}                   % Canadian Journal of Exploration Geophysics
@String{j-canad-j-math = "Canad. J. Math."}                                      % Canadian Journal of Mathematics
@String{j-canad-j-stat = "Can. J. Stat."}                                        % Canadian Journal of Statistics
@String{j-canad-psychol = "Can. Psychol."}                                       % Canadian Psychology
@String{j-carbohydr-polym = "Carbohydr. Polym."}                                 % Carbohydrate Polymers
@String{j-cell-bio = "J. Cell Biol."}                                            % Journal of Cell Biology
@String{j-chem-bio-info-j = "Chem-Bio Inform. J."}                               % Chem-Bio Informatics Journal
@String{j-chem-educ = " J. Chem. Educ."}                                         % Journal of Chemical Education
@String{j-chem-eng-data = "J. Chem. Eng. Data"}                                  % Journal of Chemical & Engineering Data6
@String{j-chem-eng-sci = "Chem. Eng. Sci."}                                      % Chemical Engineering Science
@String{j-chem-inform-comput-sci = "J. Chem. Inform. Comput. Sci."}              % Journal of Chemical Information and Computer Sciences
@String{j-chem-int-lab-sys = "Chemometr. Intell. Lab. Syst."}                    % Chemometrics and Intelligent Laboratory Systems
@String{j-chem-phys = "J. Chem. Phys."}                                          % Journal of Chemical Physics
@String{j-chem-rev = "Chem. Rev."}                                               % Chemical Reviews
@String{j-chem-soc-rev = "Chem. Soc. Rev."}                                      % Chemical Society Reviews
@String{j-chemometr-intel-lab-sys = "Chemometr. Intell. Lab. Syst."}             % Chemometrics and Intelligent Laboratory Systems
@String{j-chemometrics = "J. Chemometrics"}                                      % Journal of Chemometrics
@String{j-chin-j-geophys = "Chin. J. Geophys."}                                  % Chinese Journal of Geophysics
@String{j-chin-j-mech-eng = "Chin. J. Mech. Eng."}                               % Chinese Journal of Mechanical Engineering (English Edition)
@String{j-chin-optic-lett = "Chin. Optic. Lett."}                                % Chinese Optics Letters
@String{j-chin-sci-bull = "Chin. Sci. Bull."}                                    % Chinese Science Bulletin
@String{j-chromato-a = "J. Chromatogr. A"}                                       % Journal of Chromatography A
@String{j-chromato-sci = "J. Chromatogr. Sci."}                                  % Journal of Chromatographic Science
@String{j-chromatographia = "Chromatographia"}                                   % Chromatographia
@String{j-circ-sys-sig-proc = "Circ. Syst. Signal Process."}                     % Circuits, Systems, and Signal Processing
@String{j-classification = "J. Classif."}                                        % Journal of Classification
@String{j-clin-oncol = "J. Clin. Oncol."}                                        % Journal of Clinical Oncology
@String{j-cognitive-neurosci = "J. Cognitive Neurosci."}                         % Journal of Cognitive Neuroscience
@String{j-colloquium-math = "Colloquium Math."}                                  % Colloquium Mathematicae
@String{j-comb-chem = "Comb. Chem. High Throughput Screen."}                     % Combinatorial Chemistry & High Throughput Screening
@String{j-combust-flame = "Combust. Flame"}                                      % Combustion and Flame
@String{j-combustion = "J. Combustion"}                                          % Journal of combustion (Hindawi)
@String{j-commun-com-inform-sc = "Commun. Com. Inf. Sc."}                        % Communications in Computer and Information Science
@String{j-commun-math-phys = "Commun. Math. Phys."}                              % Communications in Mathematical Physics
@String{j-commun-math-sci = "Commun. Math. Sci."}                                % Communications in Mathematical Sciences
@String{j-commun-pure-appl-math = "Commun. Pure Appl. Math."}                    % Communications on Pure and Applied Mathematics
@String{j-commun-stat-simul-stat = "Commun. Stat. Simul. C."}                    % Communications in Statistics: Simulation and Computation
@String{j-commun-stat-theo-meth = "Commun. Stat. Theory Methods"}                % Communications in Statistics: Theory and Methods
@String{j-comp-graph-stat = "J. Comp. Graph. Stat."}                             % Journal of Computational and Graphical Statistics
@String{j-comp-sci-rev = "Comp. Sci. Rev."}                                      % Computer Science Review
@String{j-comp-var-ell-eq = "Complex Variables and Elliptic Equations"}          % Complex Variables and Elliptic Equations
@String{j-compet-intel = "Compet. Intell."}                                      % Competitive Intelligence
@String{j-compet-intel-manag = "J. Compet. Intell. Manag."}                      % Journal of Competitive Intelligence and Management
@String{j-complex = "J. Complex."}                                               % Journal of Complexity
@String{j-complex-sys = "Complex systems"}                                       % Complex Systems
@String{j-complexity = "Complexity"}                                             % Complexity
@String{j-compt-rendus-meca = "C. R. Mecanique"}                                 % Comptes Rendus Mécanique
@String{j-comput = "J. Comput."}                                                 % Journal of Computers
@String{j-comput-aided-chem-eng = "Comput. Aided Chem. Eng."}                    % Computer Aided Chemical Engineering
@String{j-comput-aided-des = "Comput. Aided Des."}                               % Computer Aided Design
@String{j-comput-aided-geom-des = "Comput. Aided Geomet. Des."}                  % Computer Aided Geometric Design
@String{j-comput-appl-math = "J. Comput. Appl. Math."}                           % Journal of Computational and Applied Mathematics
@String{j-comput-appl-math-birkhauser = "Comput. Appl. Math."}                   % Computational and Applied Mathematics
@String{j-comput-artif-intel = "Comput. Artif. Intell."}                         % Computers and Artificial Intelligence
@String{j-comput-bio = "J. Comput. Biol."}                                       % Journal of Computational Biology
@String{j-comput-bio-chem = "Comput. Biol. Chem."}                               % Computational Biology and Chemistry
@String{j-comput-bio-med = "Comput. Biol. Med."}                                 % Computers in Biology and Medicine
@String{j-comput-chem = "Comput. Chem."}                                         % Computers & Chemistry
@String{j-comput-chem-eng = "Comput. Chem. Eng."}                                % Computers and Chemical Engineering
@String{j-comput-elec-eng = "Comput. Electr. Eng."}                              % Computers & Electrical Engineering
@String{j-comput-fluids = "Comput. Fluids"}                                      % Computers & Fluids
@String{j-comput-geosci = "Computat. Geosci."}                                   % Computational Geosciences
@String{j-comput-graph = "Comput. Graph."}                                       % Computers & Graphics
@String{j-comput-graph-forum = "Comput. Graph. Forum"}                           % Computer Graphics Forum
@String{j-comput-graph-stat = "J. Comput. Graph. Stat."}                         % Journal of Computational and Graphical Statistics
@String{j-comput-graph-img-proc = "Comput. Graphics lmage Process."}             % Computer Graphics and Image Processing
@String{j-comput-j = "Comput. J."}                                               % The Computer Journal
@String{j-comput-mater-sci = "Comput. Mater. Sci."}                              % Computational Materials Science
@String{j-comput-math-appl = "Comput. Math. Appl."}                              % Computers & Mathematics with Applications
@String{j-comput-med-img-graph = "Comput. Med. Imag. Graph."}                    % Computerized Medical Imaging and Graphics
@String{j-comput-meth-prog-biomed = "Comput. Meth. Programs Biomed."}            % Computer Methods and Programs in Biomedicine
@String{j-comput-nonlinear-dynam = "J. Comput. Nonlinear Dynam."}                % Journal of Computational and Nonlinear Dynamics
@String{j-comput-oper-res = "Comput. Oper. Res."}                                % Computers & Operations Research
@String{j-comput-optim-appl = "Comput. Optim. Appl."}                            % Computational Optimization and Applications
@String{j-comput-phys-com = "Comput. Phys. Comm."}                               % Computer Physics Communications
@String{j-comput-sci = "J. Comput. Sci."}                                        % Journal of Computational Science
@String{j-comput-sci-eng = "Comput. Sci. Eng."}                                  % Computing in Science & Engineering
@String{j-comput-sci-res-dev = "Comput. Sci. Res. Dev."}                         % Computer Science - Research and Development
@String{j-comput-speech-lang = "Comput. Speech Lang."}                           % Computer Speech & Language
@String{j-comput-stand-interfac = "Comput. Stand. Interfac."}                    % Computer Standards & Interfaces
@String{j-comput-stat = "Comput. Stat."}                                         % Computational statistics
@String{j-comput-stat-data-anal = "Comput. Stat. Data Anal."}                    % Computational Statistics & Data Analysis
@String{j-comput-struc-biotechnol-j = "Comput. Struct. Biotechnol. J."}          % Computational and Structural Biotechnology Journal
@String{j-comput-sys-sci = "J. Comput. Syst. Sci."}                              % Journal of Computer and System Sciences
@String{j-comput-tech-geophy-geochem-explor =
  "Comput. Tech. Geophys. Geochem. Explor."}                                     % Computing Techniques for Geophysical and Geochemical Exploration (物探化探计算技术)
@String{j-comput-vis-image-understand = "Comput. Vis. Image Understand."}        % Computer Vision and Image Understanding
@String{j-comput-vis-graph-image-proc = "Comput. Vision Graph. Image Process."}  % Computer Vision, Graphics, and Image Processing
@String{j-computer = "Computer"}                                                 % Computer
@String{j-computing = "Computing"}                                               % Computing
@String{j-confluentes-math = "Confluentes Math."}                                % Confluentes Mathematici
@String{j-constr-approx = "Constr. Approx."}                                     % Constructive Approximation
@String{j-contemp-eng-sci = "Contemp. Eng. Sci."}                                % Contemporary engineering sciences
@String{j-control-eng-pract = "Control Eng. Pract."}                             % Control Engineering Practice
@String{j-corrosion = "Corrosion"}                                               % Corrosion
@String{j-corrosion-sci = "Corrosion Sci."}                                      % Corrosion Science
@String{j-cseg-recorder = "CSEG Recorder"}                                       % CSEG Recorder
@String{j-curr-anal-chem = "Curr. Anal. Chem."}                                  % Current Analytical Chemistry
@String{j-curr-bioinform = "Curr. Bioinform."}                                   % Current Bioinformatics
@String{j-curr-genom = "Curr. Genom."}                                           % Current Genomics
@String{j-curr-genet = "Curr. Genet."}                                           % Current Genetics
@String{j-curr-opin-biotechnol = "Curr. Opin. Biotechnol."}                      % Current Opinion in Biotechnology
@String{j-curr-opin-genet-dev = "Curr. Opin. Genet. Dev."}                       % Current Opinion in Genetics & Development
@String{j-curr-opin-neurobiol = "Curr. Opin. Neurobiol."}                        % Current Opinion in Neurobiology
@String{j-cvgip-gmip = "CVGIP: Graphical Models and Image Processing"}           % CVGIP: Graphical Models and Image Processing
@String{j-data-min-knowl-discov = "Data Min. Knowl. Discov."}                    % Data Mining and Knowledge Discovery
@String{j-data-sci-eng = "Data Sci. Eng."}                                       % Data Science and Engineering
@String{j-database = "Database"}                                                 % Database
@String{j-diff-eq = "J. Differ. Equat."}                                         % Journal of Differential Equations
@String{j-diff-eq-appl = "J. Differ. Equations Appl."}                           % Journal of Difference Equations and Applications
@String{j-digit-sig-proc = "Digit. Signal Process."}                             % Digital Signal Processing
@String{j-discrete-algo = "J. Discrete Algorithms"}                              % Journal of Discrete Algorithms
@String{j-discrete-appl-math = "Discrete Appl. Math."}                           % Discrete Applied Mathematics
@String{j-discrete-optim = "Discrete Optim."}                                    % Discrete Optimization
@String{j-duke-math-j = "Duke Math. J."}                                         % Duke Mathematical Journal
@String{j-eagle = "The Eagle"}                                                   % The Eagle (for members of Saint John"s college, university of Cambridge)
@String{j-earth = "J. The Earth"}                                                % Journal of The Earth
@String{j-earthquake-eng-eng-vib = "Earthquake Eng. Eng. Vib."}                  % Earthquake Engineering and Engineering Vibration
@String{j-earthquake-eng-struc-dyn = "Earthquake Eng. Struct. Dynam."}           % Earthquake Engineering & Structural Dynamics
@String{j-econ-surv = "J. Econ. Surv."}                                          % Journal of Economic Surveys
@String{j-economet-rev = "Economet. Rev."}                                       % Econometric Reviews
@String{j-econometrics-j = "Econom. J."}                                         % Econometrics Journal
@String{j-elec-im = "J. Electronic Imaging"}                                     % Journal of Electronic Imaging
@String{j-elec-comput-eng = "J. Electr. Comput. Eng."}                           % Journal of Electrical and Computer Engineering
@String{j-elec-letters = "Elec. Letters"}                                        % Electronics Letters
@String{j-electron-hist = "J. \'electron. hist. probab. stat."}                  % Journal Electronique d'Histoire des Probabilités et de la Statistique
@String{j-electron-j-hist-prob-stat = "Electron. J. Hist. Prob. Stat."}          % Electronic Journal for History of Probability and Statistics
@String{j-electron-j-stat = "Electron. J. Stat."}                                % Electronic Journal of Statistics
@String{j-electron-spectrosc-relat-ph = "J. Electron. Spectrosc. Relat. Ph."}    % Journal of Electron Spectroscopy and Related Phenomena
@String{j-electron-test = "J. Electron. Test."}                                  % Journal of Electronic Testing
@String{j-electron-trans-num-anal = "Electron. Trans. Numer. Anal."}             % Electronic Transactions on Numerical Analysis
@String{j-electrophoresis = "Electrophoresis"}                                   % Electrophoresis
@String{j-elife = "eLIFE"}                                                       % eLIFE
@String{j-energ-convers-manage = "Energ. Convers. Manage."}                      % Energy Conversion and Management
@String{j-energies = "Energies"}                                                 % Energies
@String{j-energy-fuels = "Energy Fuels"}                                         % Energy & Fuels
@String{j-energy-pol = "Energy Pol."}                                            % Energy Policy
@String{j-energy-procedia = "Energy Procedia"}                                   % Energy Procedia
@String{j-eng-comput = "Eng. Comput."}                                           % Engineering with Computers
@String{j-eng-fract-mech = "Eng. Fract. Mech."}                                  % Engineering Fracture Mechanics
@String{j-eng-gas-turbines-pow = "J. Eng. Gas Turbines Power"}                   % Journal of Engineering for Gas Turbines and Power
@String{j-eng-lett = "‎Eng. Lett."}                                               % Engineering letters
@String{j-entcs = "Electron. Notes Theor. Comput. Sci."}                         % Electronic Notes in Theoretical Computer Science
@String{j-entropy = "Entropy"}                                                   % Entropy
@String{j-environ-prot = "J. Environ. Prot."}                                    % Journal of Environmental Protection
@String{j-enzyme-microb-techn = "Enzyme Microb. Technol."}                       % Enzyme and Microbial Technology
@String{j-epigenetics-chromatin = "Epigenetics Chromatin"}                       % Epigenetics & Chromatin
@String{j-epilepsy-behav = "Epilepsy Behav."}                                    % Epilepsy & Behavior
@String{j-esaim-proba-stat = "ESAIM Probab. Stat."}                              % ESAIM probability and statistics
@String{j-eukaryot-cell = "Eukaryot. Cell"}                                      % Eukaryotice cel
@String{j-eurasip-j-adv-sig-proc = "EURASIP J. Adv. Signal Process."}            % EURASIP Journal on Advances in Signal Processing (formerly EURASIP Journal on Applied Signal Processing)
@String{j-eurasip-j-appl-sig-proc = "EURASIP J. Appl. Signal Process."}          % EURASIP Journal on Applied Signal Processing
@String{j-bioinfo-sys-bio = "EURASIP J. Bioinformatics Syst. Biol."}             % EURASIP Journal on Bioinformatics and Systems Biology
@String{j-eurasip-j-img-video-proc = "EURASIP J. Image Video Process."}          % EURASIP Journal of Image and Video Processing
@String{j-eurasip-j-inform-secur = "EURASIP J. Inform. Secur."}                  % EURASIP Journal on Information Security
@String{j-eurasip-j-wirel-com-net = "EURASIP J. Wireless Comm. Netw."}           % EURASIP Journal on Wireless Communications and Networking
@String{j-eureka = "Eureka"}                                                     % Eureka
@String{j-euro-j-comput-optim = "EURO J. Comput. Optim."}                        % EURO Journal on Computational Optimization
@String{j-european-j-appl-math = "Eur. J. Appl. Math."}                          % European Journal of Applied Mathematics
@String{j-european-j-hist-econ-thought = "Eur. J. Hist. Econ. Thought"}          % European Journal of the History of Economic Thought
@String{j-european-j-oper-res = "European J. Oper. Res."}                        % European Journal of Operational Research
@String{j-european-j-sci-res = "Eur. J. Sci. Res."}                              % European Journal of Scientific Research
@String{j-european-phys-j-spec-top = "Eur. Phys. J. Spec. Top."}                 % European Physical Journal Special Topics
@String{j-evol-bioinform-online = "Evol. Bioinform. Online"}                     % Evolutionary bioinformatics online
@String{j-evol-intell = "Evol. Intell."}                                         % Evolutionary Intelligence
@String{j-expert-sys-appl = "Expert Syst. Appl."}                                % Expert Systems with Applications
@String{j-explor-geophys = "Expl. Geophys."}                                     % Exploration Geophysics - Bulletin of the Australian Society of Exploration Geophysicist
@String{j-f1000research = "F1000Research"}                                       % F1000Research
@String{j-farad-disc = "Farad. Disc."}                                           % Faraday Discussions
@String{j-first-break = "First Break"}                                           % First Break
@String{j-febs-lett = "FEBS Lett."}                                              % FEBS Letters
@String{j-fems-microbio-rev = "FEMS Microbiol. Rev."}                            % FEMS Mcrobiology Reviews
@String{j-fems-yeast-res = "FEMS Yeast Res."}                                    % FEMS Yeast Research
@String{j-fibonacci-q = "Fibonacci Q."}                                          % Fibonacci Quarterly
@String{j-fin-elem-anal-des = "Fin. Elem. Anal. Des."}                           % Finite Elements in Analysis and Design
@String{j-food-eng = "J. Food Eng."}                                             % Journal of Food and Engineering
@String{j-forest-chron = "Forest Chron."}                                        % The Forestry Chronicl
@String{j-found-comput-math = "Found. Comput. Math."}                            % Foundations of Computational Mathematics
@String{j-found-trend-comput-graph = "Found. Trends Comp. Graph. Vis."}          % Foundations and Trends in Computer Graphics and Vision
@String{j-found-trend-mach-learn = "Found. Trends Mach. Learn."}                 % Foundations and Trends in Machine Learning
@String{j-found-trend-optim = "Found. Trends Optim."}                            % Foundations and Trends in Optimization
@String{j-found-trend-sig-proc = "Found. Trends Signal Process."}                % Foundations and Trends in Signal Processing
@String{j-four-anal-appl = "J. Fourier Anal. Appl."}                             % Journal of Fourier analysis and applications
@String{j-franklin-inst = "J. Franklin Inst."}                                   % Journal of the Franklin Institute
@String{j-fresenius-z-anal-chem = "Fresenius Z. Anal. Chem."}                    % Fresenius Zeitschrift für Analytische Chemie (Fresenius' Journal of Analytical Chemistry)
@String{j-finance-res-lett = "Finance Res. Lett."}                               % Finance Research Letters
@String{j-front-appl-math-stat = "Front. Appl. Math. Stat."}                     % Frontiers in Applied Mathematics and Statistics
@String{j-front-cell-dev-bio = "Front. Cell Dev. Biol."}                         % Frontiers in Cell and Developmental Biology
@String{j-front-genet = "Front. Genet."}                                         % Frontiers in Genetics
@String{j-front-mol-biosci = "Front. Mol. Biosci."}                              % Frontiers in Molecular Biosciences
@String{j-front-physiol = "Front. Physiol."}                                     % Frontiers in Physiology
@String{j-front-psychol = "Front. Psychol."}                                     % Frontiers in Psychology
@String{j-front-sys-neurosci = "Front. Syst. Neurosci."}                         % Frontiers in Systems Neuroscience
@String{j-fuel = "Fuel"}                                                         % Fuel
@String{j-func-anal = "J. Func. Anal."}                                          % Journal of Functional Analysis
@String{j-fungal-bio-biotech = "Fungal Biol. Biotechnol."}                       % Fungal Biology and Biotechnology
@String{j-fungal-genet-biol = "Fungal Genet. Biol."}                             % Fungal Genetics and Biology
@String{j-future-gener-comput-sys = "Future Gener. Comput. Syst."}               % Future Generation Computer Systems
@String{j-g3-genes-genom-genet = "G3 Genes Genom. Genet."}                       % G3 Genes, Genomes, Genetics
@String{j-gaz-math = "Gaz. Math."}                                               % La Gazette des Mathématiciens
@String{j-genes-cell = "Genes Cells"}                                            % Genes to Cells
@String{j-genetics = "Genetics"}                                                 % Genetics
@String{j-genom-data = "Genom. Data"}                                            % Genomic Data
@String{j-genome-biology = "Genome Biol."}                                       % Genome Biology
@String{j-genome-inform = "Genome Inform."}                                      % Genome Informatics
@String{j-genome-med = "Genome Med."}                                            % Genome Medicine
@String{j-genome-res = "Genome Res."}                                            % Genome Research
@String{j-genomics = "Genomics"}                                                 % Genomics
@String{j-genomics-inform = "Genomics Inform."}                                  % Genomics and Informatics
@String{j-geo-res-lett = "Geophys. Res. Lett."}                                  % Geophysical Research Letters
@String{j-geoexplor = "Geoexploration"}                                          % Geoexploration
@String{j-geom-anal = "J. Geom. Anal."}                                          % Journal of Geometric Analysis
@String{j-geom-graph = "J. Geom. Graph."}                                        % Journal for Geometry and Graphics
@String{j-geophys-eng = "J. Geophys. Eng."}                                      % Journal of Geophysics and Engineering
@String{j-geophys-geochem-explor = "Geophys. Geochem. Explor."}                  % Geophysical And Geochemical Exploration
@String{j-geophys-j = "Geophys. J."}                                             % Geophysical Journal
@String{j-geophys-j-int = "Geophys. J. Int."}                                    % Geophysical Journal International
@String{j-geophys-prospect = "Geophys. Prospect."}                               % Geophysical Prospecting
@String{j-geophys-prospect-petrol = "Geophys. Prospect. Petrol."}                % Geophysical Prospecting For Petrole
@String{j-geophys-res = "J. Geophys. Res."}                                      % Journal of Geophysical Research
@String{j-geophysics = "Geophysics"}                                             % Geophysics
@String{j-geosci-j = "Geosci. J."}                                               % Geosciences Journal
@String{j-geosci-model-dev = "Geosci. Model Dev."}                               % Geoscientific Model Development
@String{j-gigascience = "Gigascience"}                                           % Gigascience
@String{j-glas-mat = "Glas. Mat."}                                               % Glasnik Matematički
@String{j-global-optim = "J. Global Optim."}                                     % Journal of Global Optimization
@String{j-graph-model = "Graph. Model."}                                         % Graphical Models
@String{j-graph-model-img-proc = "Graph. Model. Image Process."}                 % Graphical Models and Image Processing
@String{j-graph-tools = "J. Graph. Tools"}                                       % Journal of Graphics Tools
@String{j-gugef = "Gazi Univertesi Gazi Egitim Fakultesi Dergisi"}               % Gazi Univertesi Gazi Egitim Fakultesi Dergisi
@String{j-harv-bus-rev = "Harv. Bus. Rev."}                                      % Harvard Business Review
@String{j-high-resol-chromato = "J. High. Resolut. Chromatogr."}                 % Journal of High Resolution Chromatography
@String{j-high-throughput = "High-Throughput"}                                   % High-Throughput
@String{j-hist-ideas = "J. Hist. Ideas"}                                         % Journal of the History of Ideas
@String{j-historia-mathematica = "Historia Mathematica"}                         % Historia Mathematica
@String{j-honeywell-comput-j = "Honeywell Comput. J."}                           % Honeywell Computer Journal
@String{j-ibm-j = "IBM J."}                                                      % IBM Journal
@String{j-ibm-j-res-dev = "IBM J. Res. Dev."}                                    % IBM Journal of Research and Development
@String{j-ibm-sys-j = "IBM Syst. J."}                                            % IBM Systems Journal
@String{j-iee = "J. IEE"}                                                        % Journal of the IEE
@String{j-iee-p3 = "J. IEE - Part {III}: Radio Comm. Eng."}                      % Journal of the Institution of Electrical Engineers - Part III: Radio and Communication Engineering
@String{j-iee-proc-comput-digit-tech = "IEE Proc. Comput. Digit. Tech."}         % IEE Proceedings - Computers and Digital Techniques
@String{j-iee-proc-f-comm-radar-sig-proc =
  "IEE Proc. Part F: Comm. Radar Signal Process."}                               % IEE Proceedings - Part F: Communications, Radar and Signal Processing
@String{j-iee-proc-sys-bio = "IEE Proc. Syst. Biol."}                            % IEE Proceedings Systems Biology
@String{j-iee-proc-vis-img-sig-proc = "IEE Proc. Vis. Image Signal Process."}    % IEE Proceedings - Vision, Image and Signal Processing
@String{j-ieee-access = "IEEE Access"}                                           % IEEE Access
@String{j-ieee-acm-trans-asl-proc =
  "IEEE/ACM Trans. Audio Speech Lang. Process."}                                 % IEEE/ACM Transactions on Audio, Speech, and Language Processing (2014-)
@String{j-ieee-acm-trans-comput-bio-bioinf =
  "IEEE/ACM Trans. Comput. Biol. Bioinformatics"}                                % IEEE/ACM Transactions on Computational Biology and Bioinformatics (TCBB)
@String{j-ieee-com-mag = "IEEE Commun. Mag."}                                    % IEEE Communications Magazine
@String{j-ieee-comm-lett = "IEEE Commun. Lett."}                                 % IEEE Communications Letters
@String{j-ieee-comput-graph-appl = "IEEE Comput. Graph. Appl."}                  % IEEE Computer Graphics and Applications
@String{j-ieee-comput-sci-eng = "IEEE Comput. Sci. Eng."}                        % IEEE Computational Science and Engineering
@String{j-ieee-circ-sys-mag = "IEEE Circ. Syst. Mag."}                           % IEEE Circuits and Systems Magazine
@String{j-ieee-des-test = "IEEE Des. Test"}                                      % IEEE Design & Test
@String{j-ieee-geosci-rem-sens-lett = "IEEE Geosci. Rem. Sens. Lett."}           % IEEE Geoscience and Remote Sensing Letters
@String{j-ieee-j-ocean-eng = " IEEE J. Ocean. Eng."}                             % IEEE Journal of Oceanic Engineering
@String{j-ieee-j-sel-top-appl-earth-obs-rem-sens =
  "IEEE J. Sel. Top. Appl. Earth Obs. Remote Sens."}                             % IEEE Journal of Selected Topics in Applied Earth Observations and Remote Sensing
@String{j-ieee-microw-wirel-compon-lett = "IEEE Microw. Wirel. Compon. Lett."}   % IEEE Microwave and Wireless Components Letters
@String{j-ieee-sel-areas-com = "IEEE J. Sel. Areas Comm."}                       % IEEE Journal on Selected Areas in Communications
@String{j-ieee-sel-topics-sig-proc = "IEEE J. Sel. Topics Signal Process."}      % IEEE Journal of Selected Topics in Signal Processing
@String{j-ieee-sensor-j = "IEEE Sensor. J."}                                     % IEEE Sensors Journal
@String{j-ieee-spectrum = "IEEE Spectrum"}                                       % IEEE Spectrum
@String{j-ieee-sig-proc-lett = "IEEE Signal Process. Lett."}                     % IEEE Signal Processing Letters
@String{j-ieee-sig-proc-mag = "IEEE Signal Process. Mag."}                       % IEEE Signal Processing Magazine
@String{j-ieee-sys-j = "IEEE Syst. J."}                                          % IEEE Systems Journal
@String{j-ieee-trans = "IEEE Trans."}                                            % IEEE Transactions
@String{j-ieee-trans-automat-ctrl = "IEEE Trans. Automat. Contr."}               % IEEE Transactions on Automatic Control
@String{j-ieee-trans-audio-elec = "IEEE Trans. Audio Electroacoust."}            % IEEE Transactions on Audio and Electroacoustics
@String{j-ieee-trans-aero-elec-sys = "IEEE Trans. Aero. Electron. Syst."}        % IEEE Transactions on Aerospace and Electronic Systems
@String{j-ieee-trans-anten-prop = "IEEE Trans. Antenn. Propag."}                 % IEEE Transactions on Antennas and Propagation
@String{j-ieee-trans-asl-proc = "IEEE Trans. Audio Speech Lang. Process."}       % IEEE Transactions on Audio, Speech, and Language Processing (2006-2013)
@String{j-ieee-trans-ass-proc = "IEEE Trans. Acous., Speech Signal Process."}    % IEEE Transactions on Acosutics, Speech and Signal Processing
@String{j-ieee-trans-biomed-eng = "IEEE Trans. Biomed. Eng."}                    % IEEE Transactions on Biomedical Engineering
@String{j-ieee-trans-cas = "IEEE Trans. Circuits Syst."}                         % IEEE Transactions on Circuits and Systems
@String{j-ieee-trans-cas1 = "IEEE Trans. Circuits Syst. I, Fundam. Theory Appl."}% IEEE Transactions on Circuits and Systems Part I: Fundamental Theory and Applications
@String{j-ieee-trans-cas2 =
  "IEEE Trans. Circuits Syst. II, Analog Digit. Signal Process."}                % IEEE Transactions on Circuits and Systems Part II: Analog and Digital Signal Processing
@String{j-ieee-trans-cns = "IEEE Trans. Control Netw. Syst."}                    % IEEE Transaction on Control of Network Systems
@String{j-ieee-trans-com = "IEEE Trans. Commun."}                                % IEEE Transaction on Communications
@String{j-ieee-trans-comput = "IEEE Trans. Comput."}                             % IEEE Transactions on Computers
@String{j-ieee-trans-comput-img = "IEEE Trans. Comput. Imag."}                   % IEEE Transactions on Computational Imaging
@String{j-ieee-trans-consum-electron = "IEEE Trans. Consum. Electron."}          % IEEE Transactions on Consumer Electronics
@String{j-ieee-trans-cst = "IEEE Transactions On Control Systems Technology"}    % IEEE Transactions On Control Systems Technology
@String{j-ieee-trans-csvt = "IEEE Trans. Circuits Syst. Video Technol."}         % IEEE Transactions on Circuits and Systems for Video Technology
@String{j-ieee-trans-circ-theo = "IEEE Trans. Circuits Theor."}                  % IEEE Transactions on Circuit Theory
@String{j-ieee-trans-educ = "IEEE Trans. Educ."}                                 % IEEE Transactions on Education
@String{j-ieee-trans-geo-elec = "IEEE Trans. Geosci. Electron."}                 % IEEE Transactions on Geoscience Electronics
@String{j-ieee-trans-geo-rem-sens = "IEEE Trans. Geosci. Remote Sens."}          % IEEE Transactions on Geoscience and Remote Sensing
@String{j-ieee-trans-img-proc = "IEEE Trans. Image Process."}                    % IEEE Transactions on Image Processing
@String{j-ieee-trans-ind-elec = "IEEE Trans Ind. Electron."}                     % IEEE Transactions on Industrial Electronics
@String{j-ieee-trans-ind-inform = "IEEE Trans Ind. Inform."}                     % IEEE Transactions on Industrial Informatics
@String{j-ieee-trans-inform-theo = "IEEE Trans. Inform. Theory"}                 % IEEE Transactions on Information Theory
@String{j-ieee-trans-instrum-meas = "IEEE Trans. Instrum. Meas."}                % IEEE Transactions on Instrumentation Measuremen
@String{j-ieee-trans-intel-transp-sys = "IEEE Trans. Intell. Transp. Syst."}     % IEEE Transactions on Intelligent Transportation Systems
@String{j-ieee-trans-inform-tech-biomed = "IEEE Trans. Inform. Tech. Biomed."}   % IEEE Transactions on Information Technology in Biomedicine
@String{j-ieee-trans-knowl-data-eng = "IEEE Trans. Knowl. Data Eng."}            % IEEE Transactions on Knowledge and Data Engineering
@String{j-ieee-trans-med-img = "IEEE Trans. Med. Imag."}                         % IEEE Transactions on Medical Imaging
@String{j-ieee-trans-multimed = "IEEE Trans. Multimedia"}                        % IEEE Transactions on Multimedia
@String{j-ieee-trans-nnet = "IEEE Trans. Neural Netw."}                          % IEEE Transactions on Neural Networks (ceased production in 2011)
@String{j-ieee-trans-nnls = "IEEE Trans. Neural Netw. Learn. Syst."}             % IEEE Transactions on Neural Networks and Learning Systems
@String{j-ieee-trans-pami = "IEEE Trans. Pattern Anal. Mach. Intell."}           % IEEE Transactions on Pattern Analysis and Machine Intelligence
@String{j-ieee-trans-parallel-dist-sys = "IEEE Trans. Parallel Distrib. Syst."}  % IEEE Transactions on Parallel and Distributed Systems
@String{j-ieee-trans-pow-sys = "IEEE Trans. Power System"}                       % IEEE Transactions on Power Systems
@String{j-ieee-trans-reliab = "IEEE Trans. Rel."}                                % IEEE Transactions on Reliability
@String{j-ieee-trans-robot-autom = "IEEE Trans. Robot. Autom."}                  % IEEE Transactions on Robotics and Automation
@String{j-ieee-trans-sap = "IEEE Trans. Speech Audio Process."}                  % IEEE Transactions on Speech and Audio Processing (1993-2005)
@String{j-ieee-trans-serv-comput = "IEEE Trans. Serv. Comput."}                  % IEEE Transactions on Services Computing
@String{j-ieee-trans-sig-proc = "IEEE Trans. Signal Process."}                   % IEEE Transactions on Signal Processing
@String{j-ieee-trans-smc = "IEEE Trans. Syst. Man. Cybern."}                     % IEEE Transactions on Systems, Man, and Cybernetics
@String{j-ieee-trans-smc-a = "IEEE Trans. Syst. Man. Cybern. A Syst. Hum."}      % IEEE Transactions on Systems, Man, and Cybernetics Part A: Systems and Humans
@String{j-ieee-trans-smc-b = "IEEE Trans. Syst. Man. Cybern. B Cybern."}         % IEEE Transactions on Systems, Man, and Cybernetics Part B: Cybernetics
@String{j-ieee-trans-smc-c = "IEEE Trans. Syst. Man. Cybern. B Appl. Rev."}      % IEEE Transactions on Systems, Man, and Cybernetics Part C: Applications and Reviews
@String{j-ieee-trans-softw-eng = "IEEE Trans. Softw. Eng."}                      % IEEE Transactions on Software Engineering
@String{j-ieee-trans-uffc = "IEEE Trans. Ultrason., Ferroelectrics Freq. Contr."}% IEEE Transactions Ultrasonics, Ferroelectrics and Frequency Control
@String{j-ieee-trans-visual-comput-graph = "IEEE Trans. Visual Comput. Graph."}  % IEEE Transactions on Visualization and Computer Graphics
@String{j-ieee-trans-wirel-com = "IEEE Trans. Wirel. Commun."}                   % IEEE Transactions on Wireless Communications
@String{j-ieice-elec-exp = "IEICE Electronics Express"}                          % IEICE Electronics Express
@String{j-ieice-tfeccs = "IEICE Trans. Fund. Electron. Comm. Comput. Sci."}      % IEICE Transactions on Fundamentals of Electronics, Communications and Computer Sciences
@String{j-iet-img-proc = "IET Image Process."}                                   % IET Image Processing
@String{j-iet-sig-proc = "IET Signal Process."}                                  % IET Signal Processing
@String{j-iet-sys-biol = "IET Syst. Biol."}                                      % IET Systems Biolog
@String{j-iioab-j = "IIOAB J."}                                                  % IIOAB Journal
@String{j-illinois-j-math = "Illinois J. Math."}                                 % Illinois Journal of Mathematics
@String{j-ima-j-appl-math = "IMA J. Appl. Math."}                                % IMA Journal of Applied Mathematics
@String{j-ima-j-num-anal = "IMA J. Numer. Anal."}                                % IMA Journal of Numerical Analysis
@String{j-imaging = "J. Imaging"}                                                % MDPI Journal of Imaging
@String{j-img-anal-stereol = "Image Anal. Stereol."}                             % Image Analysis and Stereology
@String{j-img-proc-on-line = "Image Proc. On Line"}                              % Image Processing On Line
@String{j-img-vis-comput = "Image Vis. Comput."}                                 % Image and Vision Computing
@String{j-ind-biotechnol = "Ind. Biotechnol."}                                   % Industrial Biotechnology
@String{j-ind-eng-chem-res = "Ind. Eng. Chem. Res."}                             % Industrial & Engineering Chemistry Research
@String{j-indian-j-pure-appl-math = "Indian J. Pure Appl. Math."}                % Indian Journal of Pure and Applied Mathematics
@String{j-indiana-univ-math-j = "Indiana Univ. Math. J."}                        % Indiana University Mathematics Journal
@String{j-ineq-appl = "J. Inequal. Appl."}                                       % Journal of Inequalities and Applications
@String{j-ineq-pure-appl-math = "J. Ineq. Pure Appl. Math."}                     % Journal of Inequalities in Pure and Applied Mathematics
@String{j-inform-comput-sci = "J. Inform. Comput. Sci."}                         % Journal of Information and Computational Science
@String{j-inform-control = "Inform. Control"}                                    % Information and Control
@String{j-inform-fusion = "Inf. Fusion"}                                         % Information Fusion
@String{j-inform-inference = "Inf. Inference"}                                   % Information and Inference
@String{j-inform-proc-lett = "Inform. Process. Lett."}                           % Information Processing Letters
@String{j-inform-retrieval = "Inform. Retrieval"}                                % Information Retrieval
@String{j-inform-sci = "Inform. Sciences"}                                       % Information Sciences
@String{j-informatica = "Informatica"}                                           % Informatica. An international journal of computing
@String{j-informetrics = "J. Informetrics"}                                      % Journal of Informetrics
@String{j-infrared-laser-eng = "Infrared Laser Eng."}                            % Infrared and Laser Engineering / Hongwai Yu Jiguang Gongcheng (红外与激光工程)
@String{j-insight = "Insight"}                                                   % Insight
@String{j-int-econ-rev = "Int. Econ. Rev."}                                      % International Economic Review
@String{j-int-game-theor-rev = "Int. Game Theor. Rev."}                          % International Game Theory Review
@String{j-int-j-adap-ctrl-sig-proc = "Int. J. Adapt. Contr. Signal Process."}    % International Journal of Adaptive Control and Signal Processing
@String{j-int-j-approx-reasoning = "Int. J. Approx. Reasoning"}                  % International Journal of Approximate Reasoning
@String{j-int-j-automot-tech = "Int. J. Automot. Tech."}                         % International Journal of Automotive Technology
@String{j-int-j-bifurc-chaos = "Int. J. Bifurc. Chaos"}                          % International Journal of Bifurcation and Chaos
@String{j-int-j-comput-bio-drug-des = "Int. J. Comput. Biol. Drug Des."}         % International Journal of Computational Biology and Drug Design
@String{j-int-j-comput-vis = "Int. J. Comput. Vis."}                             % International Journal of Computer Vision
@String{j-int-j-ctrl-autom-sys = "Int. J. Control Autom. Syst."}                 % International Journal of Control, Automation and Systems
@String{j-int-j-doc-anal-recogn = "Int. J. Doc. Anal. Recogn."}                  % International Journal on Document Analysis and Recognition
@String{j-int-j-electron = "Int. J. Electron."}                                  % International Journal of Electronics
@String{j-int-j-energ-tech-pol = "Int. J. Energ. Tech. Pol."}                    % International Journal of Energy Technology and Policy
@String{j-int-j-engine-res = "Int. J. Engine Res."}                              % International Journal of Engine Research
@String{j-int-j-forecast = "Int. J. Forecast."}                                  % International Journal of Forecasting
@String{j-int-j-geomech = "Int. J. Geomech."}                                    % International Journal of Geomechanics
@String{j-int-j-high-perf-comput-appl = "Int. J. High Perform. Comput. Appl."}   % International Journal of High Performance Computing Applications
@String{j-int-j-img-sys-tech = "Int. J. Imag. Syst. Tech."}                      % International Journal of Imaging Systems and Technology
@String{j-int-j-intel-sys = "Int. J. Intell. Syst."}                             % International Journal of Intelligent Systems
@String{j-int-j-math-math-sci = "Int. J. Math. Math. Sci."}                      % International Journal of Mathematics and Mathematical Sciences
@String{j-int-j-math-sci = "Int. J. Math. Stat. Sci."}                           % International Journal of Mathematical and Statistical Sciences
@String{j-int-j-multiphas-flow = "Int. J. Multiphas. Flow"}                      % International Journal of Multiphase Flow
@String{j-int-j-neural-sys = "Int. J. Neural Syst."}                             % International Journal of Neural Systems
@String{j-int-j-num-meth-fluids = "Int. J. Numer. Meth. Fluids"}                 % International Journal for Numerical Methods in Fluids
@String{j-int-j-parallel-prog = "Int. J. Parallel Program."}                     % International Journal of Parallel Programming
@String{j-int-j-pres-ves-pip = "Int. J. Pres. Ves. Pip."}                        % International Journal of Pressure Vessels and Piping
@String{j-int-j-quant-chem = "Int. J. Quant. Chem."}                             % International Journal of Quantum Chemistry
@String{j-int-j-rem-sensing = "Int. J. Remote Sensing"}                          % International Journal of Remote Sensing
@String{j-int-j-res-rev-appl-sci = "Int. J. Res. Rev. Appl. Sci."}               % International Journal of Research and Reviews in Applied Sciences
@String{j-int-j-sys-sci = "Int. J. Syst. Sci."}                                  % International Journal of Systems Science
@String{j-int-j-therm = "Int. J. Therm."}                                        % International Journal of Thermodynamics
@String{j-int-j-therm-sci = "Int. J. Therm. Sci."}                               % International Journal of Thermal Sciences
@String{j-int-j-wmip = "Int. J. Wavelets Multiresolut. Inf. Proc."}              % International Journal of Wavelets, Multiresolution and Information Processing
@String{j-int-math-res-not = "Int. Math. Res. Not."}                             % International Mathematics Research Notices
@String{j-int-stat-rev = "Int. Stat. Rev."}                                      % International Statistical Review / Revue Internationale de Statistique
@String{j-integr-equat-appl = "J. Integr. Equat. Appl."}                         % Journal of Integral Equations and Applications
@String{j-integrated-comput-aided-eng = "Integrated Comput. Aided Eng."}         % Integrated Computer-Aided Engineering
@String{j-intel-data-anal = "Intell. Data Anal."}                                % Intelligent Data Analysis
@String{j-interface-focus = "Interface Focus"}                                   % Interface Focus
@String{j-interpretation = "Interpretation"},                                    % Interpretation
@String{j-inv-ill-posed-prob = "J. Inv. Ill-Posed Problems"}                     % Journal of Inverse and Ill-posed Problems
@String{j-inv-prob = "Inverse Problems"}                                         % Inverse Problems
@String{j-inv-prob-sci-eng = "J. Inv. Prob. Sci. Eng."}                          % Inverse Problems in Science and Engineering
@String{j-ire-trans-circ-theo = "IRE Trans. Circuit Theory"}                     % IRE Transactions on Circuit Theory
@String{j-ire-trans-inform-theo = "IRE Trans. Inf. Theor."}                      % IRE Transactions on Information Theory
@String{j-iremos = "IREMOS"}                                                     % International Review on Modelling and Simulations (IREMOS)
@string{j-isr-math = "Israel J. Math."}                                          % Israel Journal of Mathematics
@String{j-jahresber-deut-math-verein = "Jahresber. Deut. Math. Verein."}         % Jahresbericht der Deutschen Mathematiker-Vereinigung
@String{j-jap-stat-data-sc = "Jpn. J. Stat. Data. Sci."}                         % Japanese Journal of Statistics and Data Science
@String{j-jcst = "J. Computer Science and Technology"}                           % Journal of Computer Science and Technology
@String{j-king-saud-univ-comput-inform-sci =
  "J. King Saud Univ., Comp. \& Info. Sci."}                                     % Journal of King Saud University - Computer and Information Sciences
@String{j-king-saud-univ-sci = "J. King Saud Univ., Sci."}                       % Journal of King Saud University - Science
@String{j-knowledge-bases-sys = "Knowledge-Based Syst."}                         % Knowledge-Based Systems
@String{j-kybernetika = "Kybernetika"}                                           % Kybernetika
@String{j-lat-am-appl-res = "Lat. Am. Appl. Res."}                               % Latin American Applied Research
@String{j-lin-algebra-appl = "Lin. Algebra Appl."}                               % Linear Algebra and its Applications
@String{j-llj = "The Lincoln Laboratory J."}                                     % The Lincoln Laboratory Journal
@String{j-mach-learn = "Mach. Learn."}                                           % Machine Learning
@String{j-mach-learn-res = "J. Mach. Learn. Res."}                               % Journal of Machine Learning Research
@String{j-mag-reson = "J. Magn. Reson."}                                         % Journal of Magnetic Resonance
@String{j-mag-reson-chem = "Magn. Reson. Chem."}                                 % Magnetic Resonance in Chemistry
@String{j-mag-reson-med = "Magn. Reson. Med."}                                   % Magnetic resonance in Medicine
@String{j-maintenance-reliability =
  "Eksploatacja i Niezawodno{\'}s{\'}c (Maintenance and Reliability)"}           % Eksploatacja i Niezawodnosc (Maintenance and Reliability)
@String{j-mass-spectrom-rev = "Mass Spectrom. Rev."}                             % Mass Spectrometry Reviews
@String{j-mater-char = "Mater. Char."}                                           % Materials Characterization
@String{j-mater-proc-tech = "J. Mater. Process. Tech."}                          % Journal of Materials Processing Technology
@String{j-mater-res = "J. Mater. Res."}                                          % Journal of Materials Research
@String{j-math-anal-appl = "J. Math. Anal. Appl."}                               % Journal of Mathematical Analysis and Applications
@String{j-math-annalen = "Math. Annalen"}                                        % Mathematische Annalen
@String{j-math-arts = "J. Math. Arts"}                                           % Journal of Mathematics and the Arts
@String{j-math-comp-model-dyn-sys = "Math. Comp. Model. Dyn. Syst."}             % Mathematical and Computer Modelling of Dynamical Systems
@String{j-math-comput = "Math. Comput."}                                         % Mathematics of Computation
@String{j-math-comput-appl = "Math. Comput. Appl."}                              % Mathematical and Computational Applications
@String{j-math-control-sig-sys = "Math. Control Signals Systems"}                % Mathematics of Control, Signals, and Systems
@String{j-math-geosci = "Math. Geosci."}                                         % Mathematical Geosciences (formerly Mathematical Geology)
@String{j-math-imaging-vis = "J. Math. Imaging Vision"}                          % Journal of Mathematical Imaging and Vision
@String{j-math-inequal-appl = "Math. Inequal. Appl."}                            % Mathematical Inequalities and Applications
@String{j-math-intel = "Math. Intel."}                                           % The Mathematical Intelligencer
@String{j-math-mag = "Math. Mag."}                                               % Mathematics Magazine
@String{j-math-meth-app-sci = "Mathematical Methods in the Applied Sciences"}    % Mathematical Methods in the Applied Sciences
@String{j-math-nachr = "Math. Nachr."}                                           % Mathematische Nachrichten
@String{j-math-oper-res = "Math. Oper. Res."}                                    % Mathematics of Operations Research
@String{j-math-phys = "J. Math. Phys."}                                          % Journal of Mathematical Physics
@String{j-math-probl-eng = "Math. Probl. Eng."}                                  % Mathematical Problems in Engineering
@String{j-math-prog = "Math. Programm."}                                         % Mathematical Programming
@String{j-math-prog-comput = "Math. Program. Comput."}                           % Mathematical Programming Computation
@String{j-math-prog-ser-a = "Math. Progr. Ser. A"}                               % Mathematical Programming Series A
@String{j-math-prog-ser-b = "Math. Progr. Ser. B"}                               % Mathematical Programming Series B
@String{j-math-psychol = "J. Math. Psychol."}                                    % Journal of Mathematical Psychology
@String{j-math-pures-appl = "J. Math. Pures Appl."}                              % Journal de Mathématiques Pures et Appliquées
@String{j-math-res-appl = "J. Math. Res. Appl."}                                 % Journal of Mathematical Research with Applications (since 2012, formerly Journal of Mathematical Research and Exposition)
@String{j-math-scand = "Math. Scand."}                                           % Mathematica Scandinavica
@String{j-mathematica-j = "Mathematica J."}                                      % Mathematica Journal
@String{j-meas-sci-tech = "Meas. Sci. Tech."}                                    % Measurement Science and Technology
@String{j-measurement = "Measurement"}                                           % Measurement
@String{j-mech-sys-sig-proc = "Mech. Syst. Signal Process."}                     % Mechanical Systems and Signal Processing
@String{j-med-img-anal = "Med. Image Anal."}                                     % Medical Image Analysis
@String{j-mem-amer-math-soc = "Mem. Amer. Math. Soc."}                           % Memoirs of the American Mathematical Society
@String{j-metab-eng = "Metab. Eng."}                                             % Metabolic Engineering
@String{j-meth-comput-appl-proba = "Methodol. Comput. Appl. Probab."}            % Methodology and Computing in Applied Probability
@String{j-methods = "Methods"}                                                   % Methods
@String{j-methodsx = "MethodsX"}                                                 % MethodsX
@String{j-metrika = "Metrika"}                                                   % Metrika
@String{j-metron = "Metron"}                                                     % Metron
@String{j-microb-cell-fact = "Microb. Cell Fact."}                               % Microbial Cell Factories
@String{j-microbiology = "Microbiology"}                                         % Microbiology 
@String{j-microsc = "J. Microsc."}                                               % Journal of Microscopy
@String{j-microsc-microanal = "Microsc. Microanal."}                             % Microscopy and Microanalysis
@String{j-microsc-microanal-microstruc = "Microsc. Microanal. Microst."}         % Microscopy Microanalysis Microstructures
@String{j-microsc-res-tech = "Microsc. Res. Tech."}                              % Microscopy Research and Technique
@String{j-mikrochim-acta = "Mikrochim. Acta"}                                    % Mikrochimica Acta
@String{j-model-simul-mater-sci-eng = "Model. Simulat. Mater. Sci. Eng."}        % Modelling and Simulation in Materials Science and Engineering
@String{j-mol-bio = "J. Mol. Biol."}                                             % Journal of Molecular Biology
@String{j-mol-biol-cell = "Mol. Biol. Cell"}                                     % Molecular Biology of the Cell
@String{j-mol-biosys = "Mol. BioSyst."}                                          % Molecular BioSystems
@String{j-mol-gen-genet = "Mol. Gen. Genet."}                                    % Molecular and General Genetics (1967-2001, now named Molecular Genetics and Genomics)
@String{j-mol-genet-genomics = "Mol. Genet. Genomics"}                           % Molecular Genetics and Genomics (from 2001)
@String{j-mol-microbio = "Mol. Microbiol."}                                      % Molecular Microbiology
@String{j-mol-sys-bio = "Mol. Syst. Biol."}                                      % Molecular Systems Biology
@String{j-mon-not-roy-astron-soc = "Mon. Not. Roy. Astron. Soc."}                % Monthly Notices of the Royal Astronomical Society
@String{j-mon-weather-rev = "Mon. Weather Rev."}                                 % Monthly Weather Review
@String{j-mtz = "MTZ Worldw."}                                                   % MTZ Worldwide
@String{j-mult-sys-sig-proc = "Multidimension. Syst. Signal Process."}           % Multidimensional Systems and Signal Processing
@String{j-multibody-sys-dyn = "Multibody Syst. Dyn."}                            % Multibody System Dynamics
@String{j-multimed-tools-appl = "Multimed. Tools Appl."}                         % Multimedia Tools and Applications
@String{j-multivar-anal = "J. Multivar. Anal."}                                  % Journal of Multivariate Analysis
@String{j-nat-biotech = "Nat. Biotechnol."}                                      % Nature Biotechnology
@String{j-nat-chem-bio = "Nat. Chem. Biol."}                                     % Nature Chemical Biology
@String{j-nat-chem = "Nat. Chem."}                                               % Nature Chemistry
@String{j-nat-com = "Nat. Commun."}                                              % Nature Communications
@String{j-nat-genet = "Nat. Genet."}                                             % Nature Genetics
@String{j-nat-immuno = "Nat. Immunol."}                                          % Nature Immunology
@String{j-nat-mat = "Nat. Mater."}                                               % Nature Materials
@String{j-nat-meth = "Nat. Meth."}                                               % Nature Methods
@String{j-nat-phys = "Nat. Phys."}                                               % Nature Physics
@String{j-nat-protoc = "Nat. Protoc."}                                           % Nature Protocols
@String{j-nat-rev-genet = "Nat. Rev. Genet."}                                    % Nature Reviews Genetics
@String{j-nat-rev-microbiol = "Nat. Rev. Microbiol."}                            % Nature Reviews Microbiology
@String{j-nat-rev-mol-cell-biol = "Nat. Rev. Mol. Cell Biol."}                   % Nature Reviews Molecular Cell Biology
@String{j-nature = "Nature"}                                                     % Nature
@String{j-ndt-e-int = "NDT \& E Int."}                                           % NDT & E International (Independent Nondestructive Testing and Evaluation)
@String{j-ndt-int = "NDT International"}                                         % NDT International
@String{j-ndt-net = "NDT.net"}                                                   % NDT.net
@String{j-near-infrared-spectrosc = "J. Near Infrared Spectrosc."}               % Journal of Near Infrared Spectroscopy
@String{j-network-comput-neural-sys = "Network: Comput. Neural Syst."}           % Network: Computation in Neural Systems
@String{j-neural-comput = "Neural Comput."}                                      % Neural Computation
@String{j-neural-eng = "J. Neural Eng."}                                         % Journal of Neural Engineering
@String{j-neural-network = "Neural Netw."}                                       % Neural Networks
@String{j-neurocomputing = "Neurocomputing"}                                     % Neurocomputing
@String{j-neuroimage = "Neuromimage"}                                            % Neuroimage
@String{j-neurosci-meth = "J. Neurosci. Methods"}                                % Journal of Neuroscience Methods
@String{j-nmr-biomed = "NMR Biomed."}                                            % NMR in Biomedicine
@String{j-non-linear-anal = "Nonlinear Anal."}                                   % Nonlinear Analysis: Theory, Methods & Applications
@String{j-nondestr-test-eval = "Nondestr. Test. Eval."}                          % Nondestructive Testing And Evaluation
@String{j-nonlin-proc-geophys = "Nonlin. Processes Geophys."}                    % Nonlinear Processes in Geophysics
@String{j-nonlinear-anal-model-control = "Nonlinear Anal. Model. Control"}       % Nonlinear Analysis: Modelling and Control.
@String{j-nonlinear-convex-anal = "J. Nonlinear Convex Anal."}                   % Journal of Nonlinear and Convex Analysis
@String{j-notices-amer-math-soc = "Notices Amer. Mat. Soc."}                     % Notices of the American Mathematical Society
@String{j-nouv-ann-math = "Nouv. Ann. Math."}                                    % Nouvelles Annales de Mathématiques
@String{j-npj-sys-biol-appl = "NPJ Syst. Biol. Appl."}                           % NPJ Systems Biology and Applications
@String{j-num-theory = "J. Number Theor."}                                       % Journal of Number Theory
@String{j-nucl-instrum-meth-phys-res = "Nucl. Instrum. Meth. Phys. Res."}        % Nuclear Instruments and Methods in Physics Research
@String{j-nucl-instrum-meth-phys-res-a = "Nucl. Instrum. Meth. Phys. Res. A"}    % Nuclear Instruments and Methods in Physics Research Section A: Accelerators, Spectrometers, Detectors and Associated Equipment
@String{j-nucl-instrum-meth-phys-res-b = "Nucl. Instrum. Meth. Phys. Res. B"}    % Nuclear Instruments and Methods in Physics Research Section B: Beam Interactions with Materials and Atoms
@String{j-nucl-mater = "J. Nucl. Mater."}                                        % Journal of Nuclear Materials
@String{j-nucl-phys-b = "Nucl. Phys. B"}                                         % Nuclear Physics B
@String{j-nucleic-acids-res = "Nucleic Acids Res."}                              % Nucleic Acids Research
@String{j-num-algo = "Numer. Algorithm."}                                        % Numerical Algorithms
@String{j-num-funct-anal-optim = "Numer. Funct. Anal. Optim."}                   % Numerical Functional Analysis and Optimization
@String{j-num-lin-algebra-appl = "Numer. Lin. Algebra Appl."}                    % Numerical Linear Algebra with Applications
@String{j-num-math = "Numer. Math."}                                             % Numerische Mathematik
@String{j-offshore = "Offshore"}                                                 % Offshore
@String{j-offshore-eng = "Offshore Eng."}                                        % Offshore Engineer
@String{j-ogst = "Oil Gas Sci. Tech."}                                           % Oil and Gas Science and Technology - Revue de l'IFP
@String{j-oikos = "Oikos"}                                                       % Oikos
@String{j-oil-geophys-prospect = "Oil Geophys. Prospect."}                       % Oil Geophysical Prospecting / Shiyou Diqiu Wuli Kantan (石油物探)
@String{j-open-j-stat = "Open J. Stat."}                                         % Open Journal of Statistics
@String{j-open-src-softw = "J. Open Source Softw."}                              % Journal of Open Source Software
@String{j-open-sys-inform-dyn = "Open Syst. Inform. Dynam."}                     % Open Systems & Information Dynamics (OSID)
@String{j-oper-res-soc = "J. Oper. Res. Soc."}                                   % Journal of The Operational Research Society
@String{j-oper-res-soc-china = "J. Oper. Res. Soc. China"}                       % Journal of The Operations Research Society of China
@String{j-oper-res-soc-japan = "J. Oper. Res. Soc. Japan"}                       % Journal of The Operations Research Society of Japan
@String{j-oper-res-lett = "Oper. Res. Lett."}                                    % Operations Research Letters
@String{j-opt-eng = "Opt. Eng."}                                                 % Optical Engineering
@String{j-opt-express = "Opt. Express"}                                          % Optics Express
@String{j-opt-soc-am-a = "J. Opt. Soc. Amer. A"}                                 % Journal of the Optical Society of America A
@String{j-optic = "J. Optic."}                                                   % Journal of Optics
@String{j-optic-com = "Optic. Comm."}                                            % Optics Communications
@String{j-optic-laser-eng = "Optic. Laser Eng."}                                 % Optics and Lasers in Engineering
@String{j-optic-laser-tech = "Optic. Laser Tech."}                               % Optics & Laser Technology
@String{j-optim-lett = "Optim. Lett."}                                           % Optimization Letters
@String{j-optim-meth-softw = "Optim. Methods Softw."}                            % Optimization Methods and Software
@String{j-optim-theory-appl = "J. Optim. Theory Appl."}                          % Journal of Optimization Theory and Applications
@String{j-optimization = "Optimization"}                                         % Optimization (Taylor and Francis)
@String{j-ouvert = "L'Ouvert"}                                                   % L'Ouvert
@String{j-pacific-j-math = "Pacific J. Math."}                                   % Pacific Journal of Mathematics
@String{j-pacific-j-opt = "Pac. J. Optim."}                                      % Pacific Journal of Optimization
@String{j-patt-recogn = "Pattern Recogn."}                                       % Pattern Recognition
@String{j-patt-recogn-lett = "Pattern Recogn. Lett."}                            % Pattern Recognition Letters
@String{j-peerj = "PeerJ"}                                                       % PeerJ
@String{j-petrol-eng-int = "Petrol. Eng. Int."}                                  % Petroleum Engineer International
@String{j-phil-trans-roy-soc-a = "Phil. Trans. R. Soc. A"}                       % Philosophical Transactions of the Royal Society A: Mathematical, Physical and Engineering Sciences
@String{j-phil-trans-roy-soc-lond-a = "Phil. Trans. Roy. Soc. Lond. A"}          % Philosophical Transactions of the Royal Society of London - A
@String{j-philos-mag = "Philos. Mag."}                                           % The Philosophical Magazine and Journal
@String{j-photochem-photobiol = "Photochem. Photobiol."}                         % Photochemistry and Photobiology
@String{j-photochem-photobiol-chem = "J. Photochem. Photobiol. Chem."}           % Journal of Photochemistry and Photobiology A: Chemistry
@String{j-phys-a = "J. Phys. A"}                                                 % Journal of Physics A
@String{j-phys-a-stat-mech-appl = "Phys. A Stat. Mech. Appl."}                   % Physica A: Statistical Mechanics and its Applications
@String{j-phys-biol = "Phys. Biol."}                                             % Physical Biology
@String{j-phys-chem-a = "J. Phys. Chem. A"}                                      % The Journal of Physical Chemistry A
@String{j-phys-chem-b = "J. Phys. Chem. B"}                                      % The Journal of Physical Chemistry B
@String{j-phys-chem-chem-phys = "Phys. Chem. Chem. Phys."}                       % PCCP: Physical Chemistry Chemical Physics
@String{j-phys-chem-lett = "J. Phys. Chem. Lett."}                               % The Journal of Physical Chemistry Letters
@String{j-phys-condens-matter = "J. Phys.: Condens. Matter"}                     % Journal of Physics: Condensed Matter
@String{j-phys-d = "J. Phys. D"}                                                 % Journal of Physics D
@String{j-phys-math-gen = "J. Phys. Math. Gen."}                                 % Journal of Physics A: Mathematical and General
@String{j-phys-med-biol = "Phys. Med. Biol."}                                    % Physics in Medicine and Biology
@String{j-phys-rep = "Phys. Rep."}                                               % Physics Reports
@String{j-phys-rev-a = "Phys. Rev. A"}                                           % Physical Review A
@String{j-phys-rev-b = "Phys. Rev. B"}                                           % Physical Review B
@String{j-phys-rev-c = "Phys. Rev. C"}                                           % Physical Review C
@String{j-phys-rev-d = "Phys. Rev. D"}                                           % Physical Review D
@String{j-phys-rev-e = "Phys. Rev. E"}                                           % Physical Review E
@String{j-phys-rev-x = "Phys. Rev. X"}                                           % Physical Review X
@String{j-phys-rev-lett = "Phys. Rev. Lett."}                                    % Physical Review Letters
@String{j-phys-scripta = "Phys. Scripta"}                                        % Physica Scripta
@String{j-phys-stat-mech-appl = "Phys. Stat. Mech. Appl."}                       % Physica A: Statistical Mechanics and its Applications
@String{j-phys-status-solidi-b = "Phys. Status Solidi B"}                        % Physica Status Solidi B
@String{j-physiol = "J. Physiol. (Paris)"}                                       % Journal of Physiology (Paris)
@String{j-plos-biol = "PLoS Biol."}                                              % Plos Biology
@String{j-plos-comput-biol = "PLoS Comput. Biol."}                               % PLoS Computational Biology
@String{j-plos-one = "PLoS One"}                                                 % PLoS One
@String{j-pnas = "Proc. Natl. Acad. Sci. USA."}                                  % Proceedings of the National Academy of Sciences of the United States of America
@String{j-polym-eng-sci = "Polym. Eng. Sci."}                                    % Polymer Engineering & Science
@String{j-pour-la-science = "Pour la science"}                                   % Pour la science
@String{j-powder-tech = "Powder Tech."}                                          % Powder Technology
@String{j-prat-assess-res-eval = "Pract. assess. res. eval. (Online)"}           % Practical assessment, research and evaluation
@String{j-proc-amer-math-soc = "Proc. Amer. Math. Soc."}                         % Proceedings of the American Mathematical Society
@String{j-proc-appl-math-mech = "Proc. Appl. Math. Mech."}                       % Proceedings in Applied Mathematics and Mechanics
@String{j-proc-biochem = "Process Biochemistry"}                                 % Process Biochemistry
@String{j-proc-cambr-phil-soc = "Proc. Cambr. Phil. Soc."}                       % Proceedings of the Cambridge Philosophical Society
@String{j-proc-combust-inst = "Proc. Combust. Inst."}                            % Proceedings of the Combustion Institute
@String{j-proc-ctrl = "J. Process Contr."}                                       % Journal of Process Control
@String{j-proc-iee = "Proc. IEE"}                                                % Proceedings of the IEE
@String{j-proc-ieee = "Proc. IEEE"}                                              % Proceedings of the IEEE
@String{j-proc-inst-mech-eng-d-j-auto-eng =
  "Proc. Inst. Mech. Eng. D J. Automob. Eng."}                                   % Proceedings of the Institution of Mechanical Engineers, Part D: Journal of Automobile Engineering
@String{j-proc-ire = "Proc. IRE"}                                                % Proceedings of the IRE (Institute of Radio Engineers)
@String{j-proc-lond-math-soc = "Proc. Lond. Math. Soc."}                         % Proceedings of the London Mathematical Society
@String{j-proc-roy-soc-lond = "Proc. Roy. Soc. Lond."}                           % Proceedings of the Royal Society of London
@String{j-proc-roy-soc-lond-a = "Proc. R. Soc. A"}                               % Proceedings of the Royal Society of London - Series A: Mathematical and Physical Sciences
@String{j-proc-roy-soc-lond-b = "Proc. Roy. Soc. Lond. B Biol. Sci."}            % Proceedings of the Royal Society of London - Series B: Biological Sciences
@String{j-procedia-comput-sci = "Procedia Comput. Sci."}                         % Procedia Computer Science
@String{j-procedia-eng = "Procedia Eng."}                                        % Procedia Engineering
@String{j-procedia-tech = "Procedia Technology"}                                 % Procedia Technology
@String{j-prog-geophys = "Prog. Geophys."}                                       % Progress in Geophysics (Chinese)
@String{j-prog-nucl-mag-reson-spectrosc = "Prog. Nucl. Magn. Reson. Spectrosc."} % Progress in Nuclear Magnetic Resonance Spectroscopy
@String{j-prog-energ-combust-sci = "Progr. Energ. Combust. Sci."}                % Progress in Energy and Combustion Science
@String{j-proteome-res = "J. Proteome Res."}                                     % Journal of Proteome Research
@String{j-proteomics = "Proteomics"}                                             % Proteomics
@String{j-psychol-inq = "Psychol. Inq."}                                         % Psychological Inquiry
@String{j-psychol-meth = "Psychol. Methods"}                                     % Psychological methods
@String{j-psychol-sci = "Psychol. Sci."}                                         % Psychological Science
@String{j-psychometrika = "Psychometrika"}                                       % Psychometrika
@String{j-publ-astron-soc-pac = "Publ. Astron. Soc. Pac."}                       % Publications of the Astronomical Society of the Pacific
@String{j-publ-mat = "Publ. Mat."}                                               % Publicacions Matemàtiques
@String{j-pure-appl-algebra = "J. Pure Appl. Algebra"}                           % Journal of Pure and Applied Algebra
@String{j-quant-bio = "Quant. Biol."}                                            % Quantitative Biology
@String{j-quant-spectros-radiat-transf = "J. Quant. Spectrosc. Radiat. Transf."} % Journal of Quantitative Spectroscopy and Radiative Transfer
@String{j-r-soc-interface = "J. R. Soc. Interface"}                              % Journal of The Royal Society Interface
@String{j-r-soc-open-sci = "R. Soc. Open Sci."}                                  % Royal Society Open Science
@String{j-r-stat-soc-b-stat-meth = "J. R. Stat. Soc. Ser. B Stat. Methodol."}    % Journal of the Royal Statistical Society: Series B (Statistical Methodology)
@String{j-radio-electron-eng = "Radio Electron. Eng."}                           % Radio and Electronic Engineer
@String{j-raman-spectros = "J. Raman Spectros."}                                 % Journal of Raman Spectroscopy
@String{j-ramanujan-j = "Ramanujan J."}                                          % The Ramanujan Journal
@String{j-rca-eng = "RCA Eng."}                                                  % Radio Corporation of America - RCA Engineer (SAUS)
@String{j-real-time-sys = "Real-time Syst."}                                     % Real-Time Systems
@String{j-reflets-phys = "Reflets phys."}                                        % Reflets de la Physique
@String{j-regul-chaotic-dyn = "Regul. Chaotic Dyn."}                             % Regular and Chaotic Dynamics
@String{j-reine-angew-math = "J. reine angew. Math."}                            % Journal für die Reine und Angewandte Mathematik (Crelle's Journal)
@String{j-rem-sens = "Remote Sens."}                                             % Remote Sensing
@String{j-rend-semin-mat-univ-padova = "Rend. Semin. Mat. Univ. Padova"}         % Rendiconti del Seminario Matematico della Universita di Padova / Mathematical Journal of the University of Padua.
@String{j-rend-semin-mat-univ-politec-torino =
  "Rend. Semin. Mat. Univ. Politec. Torino"}                                     % Rendiconti del Seminario Matematico. Università de Politecnico Torino
@String{j-results-math = "Results Math."}                                        % Results in Mathematics
@String{j-rev-cethedec = "Rev. Cethedec"}                                        % Revue de Cethedec
@String{j-rev-chem-eng = "Rev. Chem. Eng."}                                      % Reviews in Chemical Engineering
@String{j-rev-econ-stat = "Rev. Econ. Stat."}                                    % The Review of Economics and Statistics
@String{j-rev-hist-math = "Revue d'histoire des math{\'e}matiques"}              % Revue d'Histoire des Mathématiques
@String{j-rev-mat-complutense = "Rev. Matem{\'a}tica Complutense"}               % Revista Matemàtica Complutense
@String{j-rev-mat-iberoam = "Rev. Mat. Iberoam."}                                % Revista Matematica Iberoamericana
@String{j-rev-mod-phys = "Rev. Mod. Phys."}                                      % Reviews of Modern Physics
@String{j-rev-sci-instrum = "Rev. Sci. Instrum."}                                % Review of Scientific Instruments
@String{j-rev-un-mat-argentina = "Rev. Un. Mat. Argentina"}                      % Revista de la Unión Matemática Argentina
@String{j-rna = "RNA"}                                                           % RNA
@String{j-roy-stat-soc = "J. Royal Stat. Soc."}                                  % Journal of the Royal Statistical Society
@String{j-roy-stat-soc-c-appl-stat = "J. Royal Stat. Soc. C Appl. Stat."}        % Journal of the Royal Statistical Society. Series C (Applied Statistics)
@String{j-roy-stat-soc-d-statistician = "J. Royal Stat. Soc. D Statistician"}    % Journal of the Royal Statistical Society. Series D (The Statistician), before 1993, see j-statistician
@String{j-rsc-adv = "RSC Adv."}                                                  % RSC Advances - Royal Society of Chemistry
@String{j-russ-electr-eng = "Russ. Electr. Eng."}                                % Russian Electrical Engineering (Electrotechnika)
@String{j-sae-int-j-engines = "SAE Int. J. Engines"}                             % SAE International Journal of Engines
@String{j-scanning = "Scanning"}                                                 % Scanning
@String{j-sci-amer = "Sci. Am."}                                                 % Scientific American
@String{j-sci-china-math = "Sci. China Math."}                                   % Science China Mathematics
@String{j-sci-china-ser-a = "Sci. China Ser. A"}                                 % Science in China - Series A: Mathematics, Physics, Astronomy & Technological Sciences
@String{j-sci-china-ser-e = "Sci. China Ser. E"}                                 % Science in China - Series E: Technological Sciences
@String{j-sci-comput = "J. Sci. Comput."}                                        % Journal of Scientific Computing
@String{j-sci-instrum = "J. Sci. Instrum."}                                      % Journal of Scientific Instruments
@String{j-sci-program = "Sci. Program."}                                         % Scientific Programming
@String{j-sci-rep = "Sci. Rep."}                                                 % Scientific Reports
@String{j-sci-sign = "Sci. Signal."}                                             % Science Signaling
@String{j-science = "Science"}                                                   % Science
@String{j-seismic-explor = "J. Seismic Explor."}                                 % Journal of Seismic Exploration
@String{j-seismic-instrum = "Seismic Instrum."}                                  % Seismic Instruments
@String{j-sem-cell-dev-biol = "Sem. Cell Dev. Biol."}                            % Seminars in Cell and Developmental Biology
@String{j-sensor-actuator-b-chem = "Sensor. Actuator. B Chem."}                  % Sensors and Actuators B: Chemical
@String{j-sensors = "Sensors"}                                                   % Sensors
@String{j-sep-sci = "J. Sep. Sci."}                                              % Journal of Separation Science
@String{j-set-valued-var-anal = "Set-Valued Var. Anal."}                         % Set-Valued and Variational Analysis, formerly Set-Valued Analysis (1993-2008)
@String{j-shock-vib = "Shock Vib."}                                              % Shock And Vibration
@String{j-siam-control-optim = "SIAM J. Control Optim."}                         % SIAM Journal on Control and Optimization
@String{j-siam-j-alg-discrete-meth = "SIAM J. Algebraic Discrete Methods"}       % SIAM Journal on Algebraic and Discrete Methods
@String{j-siam-j-appl-dyn-syst = "SIAM J. Appl. Dyn. Syst."}                     % SIAM Journal on Applied Dynamical Systems
@String{j-siam-j-appl-math = "SIAM J. Appl. Math."}                              % SIAM Journal on Applied Mathematics
@String{j-siam-j-comput = "SIAM J. Comput."}                                     % SIAM Journal on Computing
@String{j-siam-j-app-alg = "SIAM J. Appl. Algebr. Geom."}                        % SIAM Journal on Applied Algebra and Geometry
@String{j-siam-j-imaging-sci = "SIAM J. Imaging Sci."}                           % SIAM Journal on Imaging Science
@String{j-siam-j-math-anal = "SIAM J. Math. Anal."}                              % SIAM Journal on Mathematical Analysis
@String{j-siam-j-math-data-sci = "SIAM J. Math. Data Sci."}                      % SIAM Journal on Mathematics of Data Science
@String{j-siam-j-matrix-anal-appl = "SIAM J. Matrix Anal. Appl."}                % SIAM Journal on Matrix Analysis and Applications
@String{j-siam-j-num-anal = "SIAM J. Numer. Anal."}                              % SIAM Journal on Numerical Analysis
@String{j-siam-j-optim = "SIAM J. Optim."}                                       % SIAM Journal on Optimization
@String{j-siam-j-sci-comput = "SIAM J. Sci. Comput."}                            % SIAM Journal on Scientific Computing
@String{j-siam-j-sci-stat-comput = "SIAM J. Sci. Stat. Comput."}                 % SIAM Journal on Scientific and Statistical Computing
@String{j-siam-mms = "Multiscale Model. Simul."}                                 % Multiscale Modeling and Simulation
@String{j-siam-rev = "SIAM Rev."}                                                % SIAM Review
@String{j-sig-img-video-proc = "Signal, Image and Video Processing"}             % Signal, Image and Video Processing
@String{j-sig-inform-proc = " J. Signal Inform. Process."}                       % Journal of Signal and Information Processing
@String{j-significance = "Significance"}                                         % Significance
@String{j-simpat = "Simul. Model. Pract. Theory"}                                % Simulation Modelling Practice and Theory
@String{j-simul-t-soc-mod-sim = "Simul. T. Soc. Mod. Sim."}                      % SIMULATION: Transactions of The Society for Modeling and Simulation International
@String{j-soc-fr-stat = "J. Soc. Fr. Stat."}                                     % Journal de la Société Française de Statistique
@String{j-softw-comput = "Soft Comput."}                                         % Software Computing
@String{j-software = "J. Software"}                                              % Journal of Software
@String{j-soil-dyn-earthquake-eng = "Soil Dynam. Earthquake Eng."}               % Soil Dynamics and Earthquake Engineering
@String{j-sort = "SORT"}                                                         % Statistics and Operations Research Transactions [replaced Qüestiió (Quaderns d'Estadística i Investigació Operativa, 1977-2002)]
@String{j-sound-vib = "J. Sound Vib."}                                           % Journal of Sound and Vibration
@String{j-sov-j-quant-electron = "Sov. J. Quant. Electron."}                     % Soviet Journal of Quantum Electronics / Kvantovaya Elektronika
@String{j-sov-math-dokl = "Sov. Math. Dokl."}                                    % Soviet Mathematics Doklady
@String{j-sig-proc = "Signal Process."}                                          % Signal Processing
@String{j-spe-drill-completion- = "SPE Drilling \& Completion"}                  % SPE Drilling & Completion
@String{j-spe-reverv-eval-eng = "SPE Reserv. Eval. Eng."}                        % SPE Reservoir Evaluation & Engineering
@String{j-spectrochim-acta-a = "Spectrochim. Acta A."}                           % Spectrochimica Acta Part A: Molecular and Biomolecular Spectroscopy 
@String{j-spectrochim-acta-b = "Spectrochim. Acta B Atom Spectros."}             % Spectrochimica Acta Part B: Atomic Spectroscopy
@String{j-spectrosc-int-j = "Spectrosc. Int. J."}                                % Journal of Spectroscopy (2013–Current)
@String{j-speech-com = "Speech Comm."}                                           % Speech Communication
@String{j-spic = "Signal Process. Image Comm."}                                  % Signal Processing: Image Communication
@String{j-spie-ei = "SPIE J. Electron. Imaging"}                                 % SPIE Journal of Electronic Imaging
@String{j-stat-appl-genet-mol-biol = "Stat. Appl. Genet. Mol. Biol."}            % Statistical Applications in Genetics and Molecular Biology
@String{j-stat-comput = "Stat. Comput."}                                         % Statistics and Computing
@String{j-stat-comput-simulat = "J. Stat. Comput. Simulat."}                     % Journal of Statistical Computation and Simulation
@String{j-stat-infer-sp = "Stat. Infer. Stoch. Process."}                        % Statistical Inference for Stochastic Processes
@String{j-stat-interface = "Stat. Interface"}                                    % Statistics and Its Interface
@String{j-stat-med = "Stat. Med."}                                               % Statistics in Medecine
@String{j-stat-plann-infer = "J. Stat. Plann. Infer."}                           % Journal of Statistical Planning and Inference. Published by Elsevier Science
@String{j-stat-prob-lett = "Stat. Probab. Lett."}                                % Statistics & Probability Letters
@String{j-stat-softw = "J. Stat. Softw"}                                         % Journal of Statistical Software
@String{j-stat-surv = "Stat. Surv."}                                             % Statistics Surveys
@String{j-stat-appl-genet-mol = "Statist. Appl. Genet. Mol."}                    % Statistical Applications in Genetics and Molecular Biology
@String{j-stat-sci = "Statist. Sci."}                                            % Statistical Science
@String{j-stat-sinica = "Statist. Sinica"}                                       % Statistica Sinica
@String{j-statistician = "Statistician"}                                         % The Statistician : journal of the Institute of Statisticians
@String{j-stoch-anal-appl = "Stoch. Anal. Appl."}                                % Stochastic Analysis and Applications
@String{j-struc-biol = "J. Struct. Biol."}                                       % Journal of Structural Biology
@String{j-struc-multidisc-optim = "Struct. Multidisc. Optim."}                   % Structural and multidisciplinary optimization
@String{j-stud-math = "Stud. Math."}                                             % Studia Mathematica
@String{j-stud-mycol = "Stud. Mycol."}                                           % Studies in Mycology
@String{j-surf-interface-anal = "Surf. Interface Anal."}                         % Surface and Interface Analysis
@String{j-surv-rev = "Surv. Rev."}                                               % Survey Review
@String{j-symbolic-comput = "J. Symbolic Computat."}                             % Journal of Symbolic Computation
@String{j-synchrotron-radiat = "J. Synchrotron Radiat."}                         % Journal of Synchrotron Radiation
@String{j-sys-architec = "J. Syst. Architect."}                                  % Journal of Systems Architecture
@String{j-sys-control-lett = "Syst. \& Control Lett."}                           % Systems & Control Letters
@String{j-talanta = "Talanta"}                                                   % Talanta
@String{j-teach-math = "Teach. Math."}                                           % The Teaching of Mathematics
@String{j-teach-stat = "Teach. Stat."}                                           % Teaching Statistics
@String{j-technometrics = "Technometrics"}                                       % Technometrics
@String{j-tetrahedron-comput-meth = "Tetrahedron Comput. Methodol."}             % Tetrahedron Computer Methodology
@String{j-theo-appl-genet = "Theor. Appl. Genet."}                               % Theoretical and Applied Genetics
@String{j-theo-bio = "J. Theor. Biol."}                                          % Journal of Theoretical Biology
@String{j-theo-comput-sci = "Theor. Comput. Sci."}                               % Theoretical Computer Science
@String{j-theo-comput-sys = "Theor. Comput. Syst."}                              % Theory of Computing Systems
@String{j-time-ser-anal = "J. Time Ser. Anal."}                                  % Journal of Time Series Analysis
@String{j-lead-edge = "The Leading Edge"}                                        % The Leading Edge
@String{j-trac-trends-anal-chem = "Trends Anal. Chem."}                          % TrAC: Trends in Analytical Chemistry
@String{j-trait-signal = "Trait. Signal"}                                        % Traitement du Signal
@String{j-trans-amer-inst-elec-eng = "Trans. Am. Inst. Electr. Eng."}            % Transactions of the American Institute of Electrical Engineers
@String{j-trans-amer-inst-elec-eng-2 =
"Trans. Am. Inst. Electr. Eng., 2, Appl. Ind."}                                  % Transactions of the American Institute of Electrical Engineers - Part 2
@String{j-trans-amer-math-soc = "Trans. Amer. Math. Soc."}                       % Transactions of the American Mathematical Society
@String{j-trans-connect-acad-arts-sci = " Trans. Connect. Acad. Arts Sci."}      % Transactions of the Connecticut Academy of Arts and Sciences
@String{j-trans-roy-soc-s-af = "Trans. Roy. Soc. S. Af."}                        % Transactions of the Royal Society of South Africa
@String{j-transp-porous-med = "Transp. Porous Med."}                             % Transport in Porous Media
@String{j-transp-res-part-c-emerg-techno = "Transp. Res. Part C Emerg. Techno."} % Transportation Research Part C: Emerging Technologies
@String{j-tree-physiol = "Tree Physiol.)"}                                       % Tree Physiology
@String{j-trends-biotech = "Trends Biotechnol."}                                 % Trends in Biotechnology
@String{j-trends-genet = "Trends Genet."}                                        % Trends in Genetics
@String{j-trends-plant-sci = "Trends Plant. Sci."}                               % Trends in Plant Science
@String{j-ultrasonics = "Ultrasonics"}                                           % Ultrasonics
@String{j-vib-spectrosc = "Vib. Spectrosc."}                                     % Vibrational Spectroscopy
@String{j-vision = "J. Vis."}                                                    % Journal of Vision
@String{j-vis-com-img-repr = "J. Vis. Comm. Image Repr."}                        % Journal of Visual Communication and Image Representation
@String{j-vis-comput = "Vis. Comput."}                                           % The Visual Computer
@String{j-vis-res = "Vis. Res."}                                                 % Vision Research
@String{j-vlsi-sig-proc = "J. VLSI Signal Process."}                             % The Journal of VLSI Signal Processing
@String{j-wahrschein-verw-gebiete = "Z. Wahrscheinlichkeit. Verw. Gebiete"}      % Zeitschrift für Wahrscheinlichkeitstheorie und Verwandte Gebiete
@String{j-wave-motion = "Wave Motion"}                                           % Wave Motion
@String{j-wires-comput-stat = "WIREs Comp. Stat."}                               % Wiley Interdisciplinary Reviews: Computational Statistics
@String{j-zamm = "ZAMM"}                                                         % ZAMM (Zeitschrift für Angewandte Mathematik und Mechanik) / Journal of Applied Mathematics and Mechanics
@String{misc-preprint = "Preprint"}                                              % Preprint
@String{p-aapg = "Proc. Int. Conf. Exhib. Amer. Assoc. Petrol. Geologists"}      % American Association of Petroleum Geologists International Conference and Exhibition
@String{p-acc = "Proc. American Control Conf."}                                  % American Control Conference (ACC)
@String{p-acivs =
  "Proc. Int. Conf. Advanced Concepts for Intelligent Vision Systems"}           % International Conference on Advanced Concepts for Intelligent Vision Systems
@String{p-acm-icbcb = "Proc. ACM Int. Conf. Bioinformatics, Computational
  Biology, and Health Informatics"}                                              % International Conference on Bioinformatics, Computational Biology, and Health Informatics
@String{p-acm-ieee-sc = "Proceedings ACM/IEEE Conf. Supercomputing"}             % ACM/IEEE Supercomputing Conference
@String{p-acm-sac = "Proc. ACM Symp. Applied Computing"}                         % ACM symposium on Applied Computing
@String{p-acm-siggraph =
  "Proc. SIGGRAPH Int. Conf. Comput. Graph. Interactive Tech."}                  % ACM SIGGRAPH Computer Graphics
@String{p-acm-siggraph-comput-graph = "Proc. ACM SIGGRAPH Comput. Graph."}       % International Conference on Computer Graphics and Interactive Techniques
@String{p-acm-siggraph-sca =
  "Proc. ACM SIGGRAPH/Eurographics Symp. Comput. Anim."}                         % Proceedings ACM SIGGRAPH/Eurographics Symposium on Computer Animation
@String{p-acm-sigmod = "Proc. ACM SIGMOD"}                                       % ACM SIGMOD International conference on Management of data
@String{p-acm-sosp = "ACM Symp. Operating Systems Principles"}                   % ACM Symposium on Operating Systems Principles (SOSP)
@String{p-acm-spm = "ACM Symp. Solid and Physical Modeling"}                     % ACM Symposium on Solid and Physical Modeling (SPM)
@String{p-acm-stoc = "Proc. ACM Symp. Theor. Comput."}                           % ACM Symposium on Theory of Computing
@String{p-aes = "Proc. Audio Engineering Society Convention"}                    % Proc. Audio Engineering Society Convention
@String{p-apsipa =
  "Proc. Asia-Pacific Signal and Information Processing Association"}            % The Asia-Pacific Signal and Information Processing Association (APSIPA)
@String{p-aseg = "Proc. ASEG Conf. Exhib."}                                      % Australian Society of Exploration Geophysicists (ASEG) Conference and Exhibition
@String{p-asilomar = "Proc. Asilomar Conf. Signal Syst. Comput."}                % Asilomar Conference on Signals, Systems, and Computers
@String{p-brit-mach-vis-conf = "Proc. Brit. Mach. Vis. Conf."}                   % British Machine Vision Conference
@String{p-c-img-sig-proc = "Proc. Congr. Im. Sig. Proc."}                        % Congress on Image and Signal Processing
@String{p-ccdc = "Proc. Chinese Control and Decision Conference"}                % Chinese Control and Decision Conference (CCDC)
@String{p-cisp = "Int. Congr. Image Signal Process."}                            % International Congress on Image and Signal Processing (CISP)
@String{p-ciss = "Proc. Conf. Inform. Sciences Syst."}                           % Conference on Information Sciences and Systems
@String{p-clt = "Proc. Conf. Learning Theory"}                                   % Conference on Learning Theory
@String{p-coresa =
  "Proc. colloque COmpression et REpr{\'e}sentation des Signaux Audiovisuels"}   % Compression et Représentation des Signaux Audiovisuels
@String{p-csbc = "Comput. Syst. Bioinformatics Conf."}                           % Computational Systems Bioinformatics Conference
@String{p-cseg = "Proc. CSEG Nat. Conv."}                                        % Canadian Society of Exploration Geophysicists (CSEG) National Convention
@String{p-cseg-cspg = "CSEG/CSPG Joint Conf."}                                   % CSPG / CSEG Joint Convention
@String{p-dafx = "Proc. DAFx"}                                                   % DAFx Digital Audio Effects
@String{p-dagm = "Proc. DAGM Symp. Patt. Recogn."}                               % DAGM Symposium on Pattern recognition
@String{p-dcc = "Proc. Data Compression Conf."}                                  % Data Compression Conference
@String{p-dgci = "Proc. IAPR Int. Conf. Discrete Geom. Comput. Imagery (DGCI)"}  % IAPR International Conference on Discrete Geometry for Computer Imagery
@String{p-eaeg = "Proc. EAEG Meeting"}                                           % EAEG Meeting
@String{p-eage = "Proc. EAGE Conf. Tech. Exhib."}                                % EAGE Conference and Technical Exhibition
@String{p-eage-marine-w = "Proc. EAGE Marine Seismic Workshop"}                  % EAGE Marine Seismic Workshop
@String{p-eage-w = "Workshop of the EAGE Conference and Technical Exhibition"}   % Workshop of the EAGE Conference and Technical Exhibition
@String{p-eccv = "Proc. Eur. Conf. Comput. Vis."}                                % European Conference on Computer Vision (ECCV)
@String{p-egu = "Proc. EGU General Assembly"}                                    % EGU General Assembly
@String{p-eurograph-symp-geom-proc = "Proc. Eurographics Symp. Geom. Process."}  % Eurographics Symposium on Geometry Processing (SGP) 
@String{p-eusipco = "Proc. European Signal Processing Conference"}               % European Signal Processing Conference (EUSIPCO)
@String{p-fspipa = "Int. Workshop Fund. Struct. Properties Imag. Patt. Anal."}   % International Workshop on Fundamental Structural Properties in Image and Pattern Analysis
@String{p-gi = "Proc. Graphics Interface Conf."}                                 % Graphics Interface Conference
@String{p-graphics-interface = "Proc. Graphics Interface"}                       % Graphics Interface
@String{p-gretsi = "Proc. GRETSI"}                                               % Groupe d'Etudes du Traitement du Signal et des Images (GRETSI)
@String{p-iapr = "Proc. IAPR International Conference on Pattern Recognition"}   % IAPR International Conference on Pattern Recognition
@String{p-ibpria = "Proc. Iberian Conf. Pattern Recog. Image Anal."}             % Iberian Conference on Pattern Recognition and Image Analysis
@String{p-ica-bss =
  "Proc. Int. Conf. Independent Component Analysis and Blind Signal Separation"} % International Conference on Independent Component Analysis and Blind Signal Separation
@String{p-icaics = "Proceedings ACM/IEEE Conf. Supercomputing"}                  % International Conference on Artificial Intelligence and Soft Computing
@String{p-icann = "Proc. ICANN"}                                                 % International Conference on Artificial Neural Networks
@String{p-icar = "Proc. Int. Comput. Atmosph. Sciences Symp."}                   % International Computing for the Atmospheric Sciences Symposium (biennial meeting)
@String{p-icassp = "Proc. Int. Conf. Acoust. Speech Signal Process."}            % International Conference on Acoustics, Speech, and Signal Processing
@String{p-iccet = "Proc. Int. Conf. Comput. Eng. Tech. (ICCET)"}                 % International Conference on Computer Engineering and Technology
@String{p-ichpcnsa = "Proc. Int. Conf. High Perf. Comput., Netw., Storage Anal."}% International Conference for High Performance Computing, Networking, Storage and Analysis
@String{p-icip = "Proc. Int. Conf. Image Process."}                              % International Conference on Image Processing
@String{p-icipa = "Proc. IEE Int. Conf. Im. Proc. Appl."}                        % International Conference on Image Processing and Its Applications
@String{p-icisip = "Proc. Int. Conf. Intell. Sensing Inform. Process."}          % International Conference on Intelligent Sensing and Information Processing (ICISIP)
@String{p-icisp = "Int. Conf. Image Signal Process."}                            % International Conference on Image and Signal Processing (ICISP)
@String{p-iclr = "Int. Conf. Learning Representations"}                          % International Conference on Learning Representations
@String{p-icmc = "Proc. Int. Comp. Music Conf."}                                 % International Computer Music Conference
@String{p-icml = "Proc. Int. Conf. Mach. Learn."}                                % International Conference on Machine Learning
@String{p-icmla = "Proc. Int. Conf. Mach. Learn. Appl."}                         % International Conference on Machine Learning and Applications
@String{p-icmmcs = "Proc. Int. Conf. Math. methods for curves and surfaces"}     % International Conference on Mathematical Methods for Curves and Surfaces
@String{p-icnaam = "Proc. Int. Conf. Numer. Anal. Appl. Math."}                  % International Conference of Numerical Analysis and Applied Mathematics (ICNAAM)
@String{p-icpr = "Proc. Int. Conf. Patt. Rec."}                                  % International Conference on Pattern Recognition
@String{p-icspat =
  "International conference on signal processing applications and technology"}    % International Conference on Signal Processing Applications and Technology
@String{p-icspc = "Proc. IEEE Int. Conf. Signal Process. Commun."}               % International Conference on Signal Processing and Communications (ICSPC)
@String{p-icspcs = "Proc. Int. Conf. Signal Process. Commun. Syst. (ICSPCS)"}    % International Conference on Signal Processing and Communication Systems (ICSPCS)
@String{p-ict = "Proc. Int. Conf. on Telecommunications"}                        % International Conference on Telecommunications
@String{p-icvgip = "Proc. Indian Conf. Vision, Graphics Image Process."}         % Indian Conference on Vision, Graphics Image Processing
@String{p-ieee-bibe = "Proc. IEEE Int. Conf. Bioinformatics Bioeng."}            % IEEE International Conference on BioInformatics and BioEngineering (BIBE)
@String{p-ieee-camsap = "Proc. IEEE Int. Workshop on Computational Advances
  in Multi-Sensor Adaptive Processing (CAMSAP)"}                                 % IEEE International Workshop on Computational Advances in Multi-Sensor Adaptive Processing
@String{p-ieee-cbms = "IEEE Symp. Int. Symp. Computer-Based Medical Systems"}    % IEEE International Symposium on Computer-Based Medical Systems
@String{p-ieee-cca = "IEEE Conf. Control Appl."}                                 % IEEE Conference on Control Applications
@String{p-ieee-ccece = "Proc. IEEE Can. Conf. Electrical Comput. Eng."}          % IEEE Canadian Conference on Electrical and Computer Engineering
@String{p-ieee-cdc = "IEEE Conf. Decision Control"}                              % IEEE Conference on Decision and Control (CDC)
@String{p-ieee-cscb = "Proc. IEEE Comp. Soc. Conf. Bioinformatics"}              % IEEE Computer Society Conference on Bioinformatics
@String{p-ieee-cvpr = "Proc. IEEE Conf. Comput. Vis. Pattern Recogn."}           % IEEE Conference on Computer Vision and Pattern Recognition (CVPR)
@String{p-ieee-dsaa = "Proc. IEEE Int. Conf. Data Sci. Adv. Analytics"}          % IEEE International Conference on Data Science and Advanced Analytics
@String{p-ieee-dsp = "Proc. Int. Conf. Digital Signal Process."}                 % IEEE International Conference on Digital Signal Processing
@String{p-ieee-dspw = "Proc. IEEE Digital Signal Process. Workshop"}             % IEEE Digital Signal Processing Workshop
@String{p-ieee-gensips =
  "IEEE Int. Workshop on Genomic Signal Processing and Statistics"}              % IEEE International Workshop on Genomic Signal Processing and Statistics
@String{p-ieee-globalsip = "Proc. IEEE Global Conf. Signal Information Process."}% IEEE Global Conference on Signal and Information Processing
@String{p-ieee-ic-big-data = "IEEE Int. Conf. Big Data"}                         % IEEE International Conference on Big Data
@String{p-ieee-iccv = "Proc. IEEE Int. Conf. Comput. Vis."}                      % IEEE International Conference on Computer Vision
@String{p-ieee-icdcs = "Proc. IEEE Int. Conf. Distrib. Comput. Syst."}           % IEEE International Conference on Distributed Computing in Sensor Systems
@String{p-ieee-icdm = "Proc. IEEE Int. Conf. Data Mining"}                       % IEEE International Conference on Data Mining (ICDM)
@String{p-ieee-icme = "Proc. IEEE Int. Conf. Multimedia Expo."}                  % IEEE International Conference on Multimedia and Expo (ICME)
@String{p-ieee-icnsc = "Proc. Int. Conf. Networking Sensing Control"}            % IEEE International Conference on Networking, Sensing and Control (ICNSC)
@String{p-ieee-igarss = "Int. Geoscience and Remote Sensing Symp."}              % IEEE International Geoscience and Remote Sensing Symposium
@String{p-ieee-ipdps =
  "IEEE International Parallel and Distributed Processing Symposium"}            % IEEE International Parallel and Distributed Processing Symposium
@String{p-ieee-isbi = "Proc. IEEE Int. Symp. Biomed. Imaging"}                   % IEEE International Symposium on Biomedical Imaging
@String{p-ieee-iscas = "Proc. Int. Symp. Circuits Syst."}                        % IEEE International Symposium on Circuits and Systems
@String{p-ieee-isit = "Proc. Int. Symp. Information Theory"}                     % IEEE International Symposium on Information Theory
@String{p-ieee-isspit =
  "Proc. IEEE Int. Symposium Signal Process. Information Technology"}             % IEEE International Symposium on Signal Processing and Information Technology
@String{p-ieee-itw = "Proc. IEEE Inform. Theory Workshop"}                       % IEEE Information Theory Workshop
@String{p-ieee-ldav = "Proc. IEEE Symp. Large Data Anal. Visual."}               % IEEE Symposium on Large Data Analysis and Visualization ({LDAV})
@String{p-ieee-midwest = "Proc. IEEE Midwest Symp. Circ. Syst."}                 % IEEE International Midwest Symposium on Circuits and Systems
@String{p-ieee-mlsp = "IEEE Int. Workshop Mach. Learn. Signal Process."}         % IEEE International Workshop on Machine Learning for Signal Processing
@String{p-ieee-mmsp = "IEEE Workshop Multimedia Signal Process."}                % IEEE Workshop on Multimedia Signal Processing
@String{p-ieee-pacrim = "IEEE Pacific Rim Conference on Communications,
  Computers and Signal Processing"}                                              % IEEE Pacific Rim Conference on Communications, Computers and Signal Processing
@String{p-ieee-sam =
  "Proc. IEEE Sensor Array and Multichannel Signal Processing Workshop"}         % IEEE Sensor Array and Multichannel Signal Processing Workshop
@String{p-ieee-scibcb =
  "Proc. IEEE Symp. Comput. Intell. Bioinform. Computat. Biol."}                  % IEEE Symposium on Computational Intelligence and Bioinformatics and Computational Biology
@String{p-ieee-setit = "Proc. IEEE SETIT Conf."}                                 % IEEE International Conference on Sciences of Electronic, Technologies of Information and Telecommunications
@String{p-ieee-sips = "Proc. IEEE Workshop Signal Proc. Syst."}                  % IEEE Workshop on Signal Processing Systems (SiPS)
@String{p-ieee-spawc = "Proc. IEEE Workshop Signal Process. Adv. Wireless Comm."}% International Workshop on Signal Processing Advances in Wireless Communications (SPAWC)
@String{p-ieee-ssp = "Proc. IEEE Workshop Stat. Signal Process."}                % IEEE Statistical Signal Processing Workshop
@String{p-ieee-ssst = "IEEE Southeastern Symp. Syst Theory)"}                    % IEEE Southeastern Symposium on System Theory
@String{p-ieee-symp-security-privacy = "IEEE Symp. Security Privacy"}            % IEEE Symposium on Security and Privacy
@String{p-ieee-vast = "Proc. IEEE Visual Analytics Sci. Tech."}                  % IEEE Conference on Visual Analytics Science and Technology (VAST)
@String{p-ieee-visualization = "Proc. IEEE Visualization Conf."}                 % IEEE Visualization
@String{p-ijcai = "Proc. Int. Joint Conf. Artificial Intelligence"}              % International Joint Conference on Artificial Intelligence
@String{p-ijcnn = "Proc. Int. Joint Conf. Neur. Netw."}                          % International Joint Conference on Neural Networks (IJCNN)
@String{p-ima-icmsp = "IMA Int. Conf. Math. Signal Process."}                    % IMA International Conference on Mathematics in Signal Processing
@String{p-imtc = "Proc. Instrum. Meas. Tech. Conf."}                             % IMTC Instrumentation and Measurement Technology Conference
@String{p-indian-conf-comp-vis-graph-img-proc =
  "Proc. Indian Conference on Computer Vision, Graphics and Image Processing"}   % Indian Conference on Computer Vision, Graphics and Image Processing
@String{p-iscit = "Proc. Int. Symp. Commun. Inform. Technol."}                   % International Symposium on Communications and Information Technologies
@String{p-isipta =
  "Proc. Int. Symp. Imprecise Probability: Theories and Applications"}           % International Symposium on Imprecise Probability: Theories and Applications
@String{p-isma-icnve = "Proc. ISMA Int. Conf. Noise Vib. Eng."}                  % ISMA International Conference on Noise and Vibration Engineering
@String{p-issac = "Proc. Int. Symp. Symbolic and Algebraic Computation"}         % International Symposium on Symbolic and Algebraic Computation
@String{p-isspa = "Proc. Int. Symp. Sig. Proc. Applic."}                         % International Symposium on Signal Processing and its Applications
@String{p-ist = "Proc. International Symposium on Telecommunications"}           % International Symposium on Telecommunications
@String{p-iswcs = "Proc. Int. Symp. Wireless Comm. Syst."}                       % International Symposium on Wireless Communication Systems (ISWCS)
@String{p-ita-workshop = "Information Theory and Applications Workshop"}         % Information Theory and Applications Workshop
@String{p-iwann = "Int. Work-Conf. Artif. Neural Networks"}                      % International Work-Conference on Artificial Neural Network
@String{p-iwocl = "Proc. Int. Workshop OpenCL"}                                  % Proceedings of the International Workshop on OpenCL 
@String{p-jcis = "Proc. Joint Conf. Inform. Science"}                            % Joint Conference on Information Sciences
@String{p-lnla = "Proc. Int. Workshop Local Non-Local Approx. Imag. Process."}   % International Workshop on Local and Non-Local Approximation in Image Processing (LNLA)
@String{p-lva-ica = "Int. Conf. Latent Variable Analysis and Signal Separation"} % International Conference on Latent Variable Analysis and Signal Separation
@String{p-mach-learn-res = "Proc. Mach. Learn. Res."}                            % Machine Learning Research
@String{p-miccai =
  "Proc. Medical Image Computing Computer-Assisted Intervention Conf."}          % Medical Image Computing and Computer-Assisted Intervention
@String{p-modelica = "Proc. Int. Modelica Conf."}                                % International Modelica Conference
@String{p-nips = "Proc. Ann. Conf. Neur. Inform. Proc. Syst."}                   % Annual Conference on Neural Information Processing Systems (NIPS)
@String{p-norsig = "Norwegian Signal Proc. Symp. and Workshop"}                  % Norwegian Signal Processing Symposium and Workshop
@String{p-nsip = "IEEE-EURASIP Workshop Nonlinear Signal Image Process."}        % IEEE-EURASIP Workshop on Nonlinear Signal and Image Processing
@String{p-otc = "Offshore Technology Conf."}                                     % Offshore Technology conference
@String{p-pac-symp-biocomput = "Pac. Symp. Biocomput."}                          % Pacific Symposium on Biocomputing
@String{p-paciia = "Pacific-Asia Workshop on Comp. Int. and Indust. Appl."}      % Pacific-Asia Workshop on Computational Intelligence and Industrial Application
@String{p-pccga =
  "Proc. Pacific Conference on Computer Graphics and Applications"}              % Pacific Conference on Computer Graphics and Applications
@String{p-pcs = "Proc. Pict. Coding Symp."}                                      % Picture Coding Symposium (PCS)
@String{p-percomm = "IEEE Int. Conf. Pervasive Comput. Commun."}                 % Annual IEEE International Conference on Pervasive Computing and Communications
@String{p-rtclf = "R\'eunion th\'eor. circuits langue fran\c{c}aise"}            % Réunion des Théoriciens des Circuits de Langue Française
@String{p-sae = "Proc. {SAE} Int. Congr. Expo."}
@String{p-sampta = "Proc. Int. Conf. Sampling Theory Appl."}                     % International Conference on Sampling Theory and Applications
@String{p-sc-ichpcnsa = "Proc. Int. Conf. High Perf. Comput. Netw. Stor. Anal."} % International Conference on High Performance Computing, Networking, Storage and Analysis
@String{p-scas = "Int. Symp. Circuits Syst."}
@String{p-seg = "Annual International Meeting"}                                  % Society of Exploration Geophysicists Annual International Meeting
@String{p-shiraz = " Shiraz Int. Petr. Conf. Exhib."}                            % Shiraz International Petroleum Conference & Exhibition
@String{p-siam-icdm = "Proc. SIAM Int. Conf. Data Mining"}                       % SIAM International Conference on Data Mining
@String{p-sicon = "Proc. Sensors Indust. Conf."}                                 % ISA/IEEE Sensors for Industry Conference (SIcon)
@String{p-smi = "Proc. Shape Modeling International"}                            % Shape Modeling International
@String{p-smmsp = "Proc. Int. Workshop on Spectral Methods and Multirate Signal
Processing (SMMSP)"}                                                             % International Workshop on Spectral Methods and Multirate Signal Processing (SMMSP)
@String{p-spars = "Proc. Signal Processing with Adaptive Sparse Structured
Representations (SPARS) workshop"}                                               % Signal Processing with Adaptive Sparse Structured Representations workshop
@String{p-spie = "Proc. SPIE"}                                                   % SPIE
@String{p-spie-adip = "Proc. SPIE, Appl. Digital Image Process."}                % SPIE Applications of Digital Image Processing
@String{p-spie-ipas = "Proc. SPIE Image Process. Algorithms Syst."}              % SPIE 9019, Image Processing: Algorithms and Systems
@String{p-spie-mi = "Proc. SPIE Medical Imaging"}                                % SPIE Medical Imaging
@String{p-spie-mmgp = "Proc. SPIE, Math. Meth. Geophys. Process."}               % SPIE, Mathematical Methods in Geophysical Imaging
@String{p-spie-vcip = "Proc. SPIE Visual Communication Image Processing"}        % SPIE, Visual Communication and Image Processing
@String{p-spie-wav = "Proc. SPIE, Wavelets"}                                     % SPIE Wavelets
@String{p-spie-waip = "Proc. SPIE, Wavelet Appl. Indust. Process."}              % SPIE, Wavelet Applications in Industrial Processing
@String{p-spie-wasip = "Proc. SPIE, Wavelets: Appl. Signal Image Process."}      % Proceedings of SPIE, Wavelets Applications in Signal and Image Processing
@String{p-spie-ws = "Proc. SPIE, Wavelets and Sparsity"}                         % Wavelets and Sparsity
@String{p-ssvm = "Int. Conf. Scale Space Var. Meth. Comp. Vis."}                 % International Conference on Scale Space and Variational Methods in Computer Vision (SSVM)
@String{p-stftsa = "Proc. Int. Symp. on Time-Freq. and Time-Scale Analysis"}     % IEEE-SP International Symposium on Time-Frequency and Time-Scale Analysis
@String{p-stsiva = "Proc. Simposio de Tratamiento de Se{\~n}ales, Im{\'a}genes
  y Visi{\'o}n Artifical"}                                                       % Simposio de Tratamiento de Señales, Imágenes y Visión Artifical / Symposium on Signal Processing, Images and Computer Vision
@String{p-symp-geom-proc = "Proc. Eurographics Symp. Geom. Process."}            % Eurographics Symposium on Geometry Processing

@String{p-vldb = "Proc. Int. Conf. Very Large Data Bases"}                       % International Conference on Very Large Data Bases
@String{p-waspaa = "Proc. IEEE Workshop Appl. Signal Process. Audio Acoustics"}  % IEEE Workshop on Applications of Signal Processing to Audio and Acoustics
@String{p-wospa = "Proc. Aust. Worshop on Sig. Proc. and its Appl."}
@String{p-wscg =
  "Int. Conf. Central Europe Computer Graphics, Visualization Computer Vision"}  % International Conference in Central Europe on Computer Graphics, Visualization and Computer Vision
@String{publ-aseg = "Australian Soc. Expl. Geophysicists"}                       % Australian Society of Exploration Geophysicists (ASEG)
@String{publ-cseg = "Canadian Soc. Expl. Geophysicists"}                         % Canadian Society of Exploration Geophysicists (CSEG)
@String{publ-eage = "European Assoc. Geoscientists Eng."}                        % European Association of Geoscientists and Engineers (EAGE)
@String{publ-puf = "Presses universitaires de France"}                           % PUF : Presses universitaires de France
@String{publ-sae = "Society of Automotive Engineers"}                            % Society of Automotive Engineers
@String{publ-seg = "Soc. Expl. Geophysicists"}                                   % Society of Exploration Geophysicists (SEG)
@String{ser-lncs = "Lect. Notes Comput. Sci."}                                   % Lecture Notes in Computer Science
@String{ser-lnes = "Lect. Notes Earth Sci."}                                     % Lecture Notes in Earth Science
@String{ser-meth-mol-bio = "Methods in Molecular Biology"}                       % Methods in Molecular Biology (Springer)
@String{ser-qsj = "Que Sais-Je?"}                                                % Que Sais-Je?
@String{t-hdr = "Habilitation {\`a} diriger des recherches ({HDR})"}             % HDR