% Encoding: UTF-8

@Article{Coleman_T_1996_j-siam-j-optim_interior_tranmsb,
  author    = {Thomas F. Coleman and Yuying Li},
  journal   = j-siam-j-optim,
  title     = {An interior trust region approach for nonlinear minimization subject to bounds},
  year      = {1996},
  month     = may,
  number    = {2},
  pages     = {418--445},
  volume    = {6},
  doi       = {10.1137/0806023},
  publisher = {Society for Industrial {\&} Applied Mathematics ({SIAM})},
}

@Article{Golub_G_2003_j-inv-prob_separable_nlsvpma,
  author    = {Gene Golub and Victor Pereyra},
  journal   = j-inv-prob,
  title     = {Separable nonlinear least squares: the variable projection method and its applications},
  year      = {2003},
  month     = feb,
  number    = {2},
  pages     = {R1--R26},
  volume    = {19},
  doi       = {10.1088/0266-5611/19/2/201},
  publisher = {{IOP} Publishing},
}

@Article{Komodakis_N_2015_j-ieee-sig-proc-mag_playing_d,
  author   = {Nikos Komodakis and Jean-Christophe Pesquet},
  journal  = j-ieee-sig-proc-mag,
  title    = {Playing with duality: An overview of recent primal-dual approaches for solving large-scale optimization problems},
  year     = {2015},
  issn     = {1053-5888},
  month    = nov,
  number   = {6},
  pages    = {31--54},
  volume   = {32},
  doi      = {10.1109/MSP.2014.2377273},
  keywords = {duality (mathematics), numerical analysis, optimisation, computer vision, convex analysis, discrete optimization, high-dimensional problems, large-scale optimization problem solving, machine learning, nonsmooth optimization, numerical methods, parallel algorithms, parallel processing, primal-dual approaches, signal-image processing, Algorithm design and analysis, Computer vision, Context modeling, Convex functions, Image processing, Optimization, Signal processing algorithms},
}

@Article{Leeuwen_T_2021_j-siam-j-sci-comput_variable_pnp,
  author    = {Tristan van Leeuwen and Aleksandr Y. Aravkin},
  journal   = j-siam-j-sci-comput,
  title     = {Variable projection for nonsmooth problems},
  year      = {2021},
  month     = jan,
  number    = {5},
  pages     = {S249--S268},
  volume    = {43},
  doi       = {10.1137/20m1348650},
  publisher = {Society for Industrial {\&} Applied Mathematics ({SIAM})},
}

@Article{OLeary_D_2012_j-comput-optim-appl_variable_pnlsp,
  author    = {Dianne P. O'Leary and Bert W. Rust},
  journal   = j-comput-optim-appl,
  title     = {Variable projection for nonlinear least squares problems},
  year      = {2012},
  month     = aug,
  number    = {3},
  pages     = {579--593},
  volume    = {54},
  doi       = {10.1007/s10589-012-9492-9},
  publisher = {Springer Science and Business Media {LLC}},
}

@Article{Virtanen_P_2020_j-nat-meth_scipy_fascp,
  author  = {Pauli Virtanen and Ralf Gommers and Travis E. Oliphant and
            Matt Haberland and Tyler Reddy and David Cournapeau and
            Evgeni Burovski and Pearu Peterson and Warren Weckesser and
            Jonathan Bright and St{\'e}fan J. {van der Walt} and
            Matthew Brett and Joshua Wilson and K. Jarrod Millman and
            Nikolay Mayorov and Andrew R. J. Nelson and Eric Jones and
            Robert Kern and Eric Larson and C J Carey and {\.I}lhan Polat
            and Yu Feng and Eric W. Moore and Jake {VanderPlas} and
            Denis Laxalde and Josef Perktold and Robert Cimrman and
            Ian Henriksen and E. A. Quintero and Charles R. Harris and
            Anne M. Archibald and Ant{\^o}nio H. Ribeiro and
            Fabian Pedregosa and Paul {van Mulbregt}
            and {SciPy 1.0 Contributors}},
  title   = {{{SciPy} 1.0: Fundamental Algorithms for Scientific
            Computing in Python}},
  journal = j-nat-meth,
  year    = {2020},
  volume  = {17},
  pages   = {261--272},
  adsurl  = {https://rdcu.be/b08Wh},
  doi     = {10.1038/s41592-019-0686-2},
}